%% This BibTeX bibliography file was created using BibDesk.
%% http://bibdesk.sourceforge.net/


%% Created for Tibor Goldschwendt at 2014-04-14 15:36:34 +0200 


%% Saved with string encoding Unicode (UTF-8) 



@webpage{Harris07liblo,
	Author = {Steve Harris},
	Date-Added = {2014-04-14 13:23:22 +0000},
	Date-Modified = {2014-04-14 13:28:33 +0000},
	Lastchecked = {2014-04-14},
	Title = {liblo},
	Url = {http://liblo.sourceforge.net/},
	Year = {2007}}

@article{Wright05Open,
	Author = {Wright, Matthew},
	Date-Added = {2014-04-14 12:50:35 +0000},
	Date-Modified = {2014-04-14 12:50:57 +0000},
	Journal = {Organised Sound},
	Number = {3},
	Pages = {193},
	Publisher = {Cambridge Univ Press},
	Title = {Open Sound Control: an enabling technology for musical networking},
	Volume = {10},
	Year = {2005},
	Bdsk-File-1 = {YnBsaXN0MDDUAQIDBAUGJCVYJHZlcnNpb25YJG9iamVjdHNZJGFyY2hpdmVyVCR0b3ASAAGGoKgHCBMUFRYaIVUkbnVsbNMJCgsMDxJXTlMua2V5c1pOUy5vYmplY3RzViRjbGFzc6INDoACgAOiEBGABIAFgAdccmVsYXRpdmVQYXRoWWFsaWFzRGF0YV8QNC4uLy4uLy4uLy4uLy4uL0xpdGVyYXR1ci9SZWZlcmVuY2VzL1dyaWdodDA1T3Blbi5wZGbSFwsYGVdOUy5kYXRhTxEBuAAAAAABuAACAAAMTWFjaW50b3NoIEhEAAAAAAAAAAAAAAAAAAAAz2SL1EgrAAAAFo90EFdyaWdodDA1T3Blbi5wZGYAAAAAAAAAAAAAAAAAAAAAAAAAAAAAAAAAAAAAAAAAAAAAAAAAAAAAAAAAAAAAAAApgLrPcaYFAAAAAAAAAAAABQADAAAJIAAAAAAAAAAAAAAAAAAAAApSZWZlcmVuY2VzABAACAAAz2RvtAAAABEACAAAz3GJ5QAAAAEAEAAWj3QADzJCAAYiHwACZEsAAgBOTWFjaW50b3NoIEhEOlVzZXJzOgB0aWJvcmdvbGRzY2h3ZW5kdDoATGl0ZXJhdHVyOgBSZWZlcmVuY2VzOgBXcmlnaHQwNU9wZW4ucGRmAA4AIgAQAFcAcgBpAGcAaAB0ADAANQBPAHAAZQBuAC4AcABkAGYADwAaAAwATQBhAGMAaQBuAHQAbwBzAGgAIABIAEQAEgA9VXNlcnMvdGlib3Jnb2xkc2Nod2VuZHQvTGl0ZXJhdHVyL1JlZmVyZW5jZXMvV3JpZ2h0MDVPcGVuLnBkZgAAEwABLwAAFQACABj//wAAgAbSGxwdHlokY2xhc3NuYW1lWCRjbGFzc2VzXU5TTXV0YWJsZURhdGGjHR8gVk5TRGF0YVhOU09iamVjdNIbHCIjXE5TRGljdGlvbmFyeaIiIF8QD05TS2V5ZWRBcmNoaXZlctEmJ1Ryb290gAEACAARABoAIwAtADIANwBAAEYATQBVAGAAZwBqAGwAbgBxAHMAdQB3AIQAjgDFAMoA0gKOApAClQKgAqkCtwK7AsICywLQAt0C4ALyAvUC+gAAAAAAAAIBAAAAAAAAACgAAAAAAAAAAAAAAAAAAAL8}}

@inproceedings{Wright97Open,
	Author = {Wright, Matthew and Freed, Adrian},
	Booktitle = {Proceedings of the 1997 International Computer Music Conference},
	Date-Added = {2014-04-14 12:47:25 +0000},
	Date-Modified = {2014-04-14 13:07:08 +0000},
	Pages = {101--104},
	Title = {Open Sound Control-A New Protocol for Communicationg with Sound Synthesizers},
	Year = {1997}}

@mastersthesis{lang12energyviz,
	Author = {Alexander Lang},
	Date-Added = {2014-04-06 15:48:31 +0000},
	Date-Modified = {2014-04-06 15:50:39 +0000},
	Month = {June},
	School = {Ludwig-Maximilians-University Munich (LMU)},
	Title = {EnergyViz -- Visualising large scale multi-dimensional sensory data to reduce power consumption},
	Type = {MSc},
	Year = {2012},
	Bdsk-File-1 = {YnBsaXN0MDDUAQIDBAUGJCVYJHZlcnNpb25YJG9iamVjdHNZJGFyY2hpdmVyVCR0b3ASAAGGoKgHCBMUFRYaIVUkbnVsbNMJCgsMDxJXTlMua2V5c1pOUy5vYmplY3RzViRjbGFzc6INDoACgAOiEBGABIAFgAdccmVsYXRpdmVQYXRoWWFsaWFzRGF0YV8QNy4uLy4uLy4uLy4uLy4uL0xpdGVyYXR1ci9SZWZlcmVuY2VzL2xhbmcxMmVuZXJneXZpei5wZGbSFwsYGVdOUy5kYXRhTxEBxAAAAAABxAACAAAMTWFjaW50b3NoIEhEAAAAAAAAAAAAAAAAAAAAz2SL1EgrAAAAFo90E2xhbmcxMmVuZXJneXZpei5wZGYAAAAAAAAAAAAAAAAAAAAAAAAAAAAAAAAAAAAAAAAAAAAAAAAAAAAAAAAAAAAWlXzONmx2AAAAAAAAAAAABQADAAAJIAAAAAAAAAAAAAAAAAAAAApSZWZlcmVuY2VzABAACAAAz2RvtAAAABEACAAAzjZQVgAAAAEAEAAWj3QADzJCAAYiHwACZEsAAgBRTWFjaW50b3NoIEhEOlVzZXJzOgB0aWJvcmdvbGRzY2h3ZW5kdDoATGl0ZXJhdHVyOgBSZWZlcmVuY2VzOgBsYW5nMTJlbmVyZ3l2aXoucGRmAAAOACgAEwBsAGEAbgBnADEAMgBlAG4AZQByAGcAeQB2AGkAegAuAHAAZABmAA8AGgAMAE0AYQBjAGkAbgB0AG8AcwBoACAASABEABIAQFVzZXJzL3RpYm9yZ29sZHNjaHdlbmR0L0xpdGVyYXR1ci9SZWZlcmVuY2VzL2xhbmcxMmVuZXJneXZpei5wZGYAEwABLwAAFQACABj//wAAgAbSGxwdHlokY2xhc3NuYW1lWCRjbGFzc2VzXU5TTXV0YWJsZURhdGGjHR8gVk5TRGF0YVhOU09iamVjdNIbHCIjXE5TRGljdGlvbmFyeaIiIF8QD05TS2V5ZWRBcmNoaXZlctEmJ1Ryb290gAEACAARABoAIwAtADIANwBAAEYATQBVAGAAZwBqAGwAbgBxAHMAdQB3AIQAjgDIAM0A1QKdAp8CpAKvArgCxgLKAtEC2gLfAuwC7wMBAwQDCQAAAAAAAAIBAAAAAAAAACgAAAAAAAAAAAAAAAAAAAML}}

@mastersthesis{kasch11untersuchung,
	Author = {Michael Kasch},
	Date-Added = {2014-04-06 15:45:32 +0000},
	Date-Modified = {2014-04-06 15:47:14 +0000},
	Month = {March},
	School = {Ludwig-Maximilians-University Munich (LMU)},
	Title = {The Untersuchung heterogener Managementattribute von virtuellen Maschinen und Hypervisoren an den Beispielen Untersuchung heterogener Managementattribute von virtuellen Maschinen und Hypervisoren an den Beispielen Xen und VMware ESXi},
	Type = {BSc Thesis},
	Year = {2011},
	Bdsk-File-1 = {YnBsaXN0MDDUAQIDBAUGJCVYJHZlcnNpb25YJG9iamVjdHNZJGFyY2hpdmVyVCR0b3ASAAGGoKgHCBMUFRYaIVUkbnVsbNMJCgsMDxJXTlMua2V5c1pOUy5vYmplY3RzViRjbGFzc6INDoACgAOiEBGABIAFgAdccmVsYXRpdmVQYXRoWWFsaWFzRGF0YV8QOy4uLy4uLy4uLy4uLy4uL0xpdGVyYXR1ci9SZWZlcmVuY2VzL2thc2NoMTF1bnRlcnN1Y2h1bmcucGRm0hcLGBlXTlMuZGF0YU8RAdQAAAAAAdQAAgAADE1hY2ludG9zaCBIRAAAAAAAAAAAAAAAAAAAAM9ki9RIKwAAABaPdBdrYXNjaDExdW50ZXJzdWNodW5nLnBkZgAAAAAAAAAAAAAAAAAAAAAAAAAAAAAAAAAAAAAAAAAAAAAAAAAAAAAAFpV7zeZ6MAAAAAAAAAAAAAUAAwAACSAAAAAAAAAAAAAAAAAAAAAKUmVmZXJlbmNlcwAQAAgAAM9kb7QAAAARAAgAAM3mXhAAAAABABAAFo90AA8yQgAGIh8AAmRLAAIAVU1hY2ludG9zaCBIRDpVc2VyczoAdGlib3Jnb2xkc2Nod2VuZHQ6AExpdGVyYXR1cjoAUmVmZXJlbmNlczoAa2FzY2gxMXVudGVyc3VjaHVuZy5wZGYAAA4AMAAXAGsAYQBzAGMAaAAxADEAdQBuAHQAZQByAHMAdQBjAGgAdQBuAGcALgBwAGQAZgAPABoADABNAGEAYwBpAG4AdABvAHMAaAAgAEgARAASAERVc2Vycy90aWJvcmdvbGRzY2h3ZW5kdC9MaXRlcmF0dXIvUmVmZXJlbmNlcy9rYXNjaDExdW50ZXJzdWNodW5nLnBkZgATAAEvAAAVAAIAGP//AACABtIbHB0eWiRjbGFzc25hbWVYJGNsYXNzZXNdTlNNdXRhYmxlRGF0YaMdHyBWTlNEYXRhWE5TT2JqZWN00hscIiNcTlNEaWN0aW9uYXJ5oiIgXxAPTlNLZXllZEFyY2hpdmVy0SYnVHJvb3SAAQAIABEAGgAjAC0AMgA3AEAARgBNAFUAYABnAGoAbABuAHEAcwB1AHcAhACOAMwA0QDZArECswK4AsMCzALaAt4C5QLuAvMDAAMDAxUDGAMdAAAAAAAAAgEAAAAAAAAAKAAAAAAAAAAAAAAAAAAAAx8=}}

@mastersthesis{goldschwendt13collaborative,
	Author = {Tibor Goldschwendt},
	Date-Added = {2014-04-06 15:42:54 +0000},
	Date-Modified = {2014-04-06 15:43:26 +0000},
	Month = {September},
	Owner = {lu43lun},
	School = {Ludwig-Maximilians-University Munich (LMU)},
	Timestamp = {2014.03.17},
	Title = {The Collaborative Design Platform Protocol -- Design and Implementation of a Protocol for Networked Virtual Environments and CAVE Peer Development},
	Type = {BSc Thesis},
	Year = {2013},
	Bdsk-File-1 = {YnBsaXN0MDDUAQIDBAUGJCVYJHZlcnNpb25YJG9iamVjdHNZJGFyY2hpdmVyVCR0b3ASAAGGoKgHCBMUFRYaIVUkbnVsbNMJCgsMDxJXTlMua2V5c1pOUy5vYmplY3RzViRjbGFzc6INDoACgAOiEBGABIAFgAdccmVsYXRpdmVQYXRoWWFsaWFzRGF0YV8QQy4uLy4uLy4uLy4uLy4uL0xpdGVyYXR1ci9SZWZlcmVuY2VzL2dvbGRzY2h3ZW5kdDEzY29sbGFib3JhdGl2ZS5wZGbSFwsYGVdOUy5kYXRhTxEB9AAAAAAB9AACAAAMTWFjaW50b3NoIEhEAAAAAAAAAAAAAAAAAAAAz2SL1EgrAAAAFo90H2dvbGRzY2h3ZW5kdDEzY29sbGFib3JhdGl2ZS5wZGYAAAAAAAAAAAAAAAAAAAAAAAAAAAAAAAAAAAAAAAAAAAAWkAnOaNDCAAAAAAAAAAAABQADAAAJIAAAAAAAAAAAAAAAAAAAAApSZWZlcmVuY2VzABAACAAAz2RvtAAAABEACAAAzmi0ogAAAAEAEAAWj3QADzJCAAYiHwACZEsAAgBdTWFjaW50b3NoIEhEOlVzZXJzOgB0aWJvcmdvbGRzY2h3ZW5kdDoATGl0ZXJhdHVyOgBSZWZlcmVuY2VzOgBnb2xkc2Nod2VuZHQxM2NvbGxhYm9yYXRpdmUucGRmAAAOAEAAHwBnAG8AbABkAHMAYwBoAHcAZQBuAGQAdAAxADMAYwBvAGwAbABhAGIAbwByAGEAdABpAHYAZQAuAHAAZABmAA8AGgAMAE0AYQBjAGkAbgB0AG8AcwBoACAASABEABIATFVzZXJzL3RpYm9yZ29sZHNjaHdlbmR0L0xpdGVyYXR1ci9SZWZlcmVuY2VzL2dvbGRzY2h3ZW5kdDEzY29sbGFib3JhdGl2ZS5wZGYAEwABLwAAFQACABj//wAAgAbSGxwdHlokY2xhc3NuYW1lWCRjbGFzc2VzXU5TTXV0YWJsZURhdGGjHR8gVk5TRGF0YVhOU09iamVjdNIbHCIjXE5TRGljdGlvbmFyeaIiIF8QD05TS2V5ZWRBcmNoaXZlctEmJ1Ryb290gAEACAARABoAIwAtADIANwBAAEYATQBVAGAAZwBqAGwAbgBxAHMAdQB3AIQAjgDUANkA4QLZAtsC4ALrAvQDAgMGAw0DFgMbAygDKwM9A0ADRQAAAAAAAAIBAAAAAAAAACgAAAAAAAAAAAAAAAAAAANH}}

@inproceedings{emhardt93hyper,
	Abstract = {The Virtual Reality (VR) user interface style allows the user to manipulate
	virtual objects in a 3D environment. We introduce a software architecture
	which guides users in virtual worlds. The architecture is based on
	the concept of task-oriented agents which support users in acting
	within a Virtual Environment WE). These agents use an application
	independent toolbox, the hyper-renderer, to retrieve information
	that is calculated during the rendering process. We have used a virtual
	building to implement various prototypes in order to evaluate our
	approach.},
	Address = {Seattle, WA , USA},
	Author = {Juergen Emhardt and Juegen Semmler and Thomas Strothotte},
	Booktitle = {Virtual Reality Annual International Symposium (VRAIS '93)},
	Date-Added = {2014-03-15 19:56:45 +0000},
	Date-Modified = {2014-03-15 19:56:45 +0000},
	Month = {September},
	Owner = {AK108898},
	Pages = {342--348},
	Timestamp = {2010.05.10},
	Title = {Hyper-navigation in Virtual Buildings},
	Url = {http://ieeexplore.ieee.org/xpls/abs_all.jsp?arnumber=380760},
	Year = {1993},
	Bdsk-Url-1 = {http://ieeexplore.ieee.org/xpls/abs_all.jsp?arnumber=380760}}

@inproceedings{broll98dwtp,
	Abstract = {VRML (the Virtual Reality Modeling Language) has brought 3D objects
	andvirtual worlds to a large number of Internet users. While it provides
	asuitable basis for the platform independent description of virtual
	worlds,an appropriate network architecture required to realize shared
	virtualworlds on the Internet is still an open issue. In this paper
	we will introduceDWTP (the Distributed Worlds Transfer and communication
	Protocol). DWTPis an application layer protocol for shared virtual
	environments on theInternet. It provides a scalable network architecture
	for large-scale distributedvirtual worlds.},
	Address = {Monterey, California, USA},
	Author = {Wolfgang Broll},
	Booktitle = {International Symposium on the Virtual Reality Modeling Language (VRML '98)},
	Citeseerurl = {http://citeseer.ist.psu.edu/context/1726405/0},
	Date-Added = {2014-03-15 19:55:24 +0000},
	Date-Modified = {2014-03-15 19:56:15 +0000},
	Editor = {Don Brutzman and Maureen Stone and Mike Macedonia},
	File = {broll98dwtp.pdf:broll98dwtp.pdf:PDF},
	Keywords = {Protocol, DWTP},
	Owner = {lu43lun},
	Pages = {49--56},
	Publisher = {ACM Press},
	Timestamp = {2014.03.15},
	Title = {DWTP - An Internet Protocol For Shared Virtual Environments},
	Url = {http://ece.uwaterloo.ca/vrml98/cdrom/papers/broll/broll.pdf},
	Year = {1998},
	Bdsk-File-1 = {YnBsaXN0MDDUAQIDBAUGJCVYJHZlcnNpb25YJG9iamVjdHNZJGFyY2hpdmVyVCR0b3ASAAGGoKgHCBMUFRYaIVUkbnVsbNMJCgsMDxJXTlMua2V5c1pOUy5vYmplY3RzViRjbGFzc6INDoACgAOiEBGABIAFgAdccmVsYXRpdmVQYXRoWWFsaWFzRGF0YV8QMy4uLy4uLy4uLy4uLy4uL0xpdGVyYXR1ci9SZWZlcmVuY2VzL2Jyb2xsOThkd3RwLnBkZtIXCxgZV05TLmRhdGFPEQG0AAAAAAG0AAIAAAxNYWNpbnRvc2ggSEQAAAAAAAAAAAAAAAAAAADPZIvUSCsAAAAWj3QPYnJvbGw5OGR3dHAucGRmAAAAAAAAAAAAAAAAAAAAAAAAAAAAAAAAAAAAAAAAAAAAAAAAAAAAAAAAAAAAAAAAABaQBs0Rt6wAAAAAAAAAAAAFAAMAAAkgAAAAAAAAAAAAAAAAAAAAClJlZmVyZW5jZXMAEAAIAADPZG+0AAAAEQAIAADNEamcAAAAAQAQABaPdAAPMkIABiIfAAJkSwACAE1NYWNpbnRvc2ggSEQ6VXNlcnM6AHRpYm9yZ29sZHNjaHdlbmR0OgBMaXRlcmF0dXI6AFJlZmVyZW5jZXM6AGJyb2xsOThkd3RwLnBkZgAADgAgAA8AYgByAG8AbABsADkAOABkAHcAdABwAC4AcABkAGYADwAaAAwATQBhAGMAaQBuAHQAbwBzAGgAIABIAEQAEgA8VXNlcnMvdGlib3Jnb2xkc2Nod2VuZHQvTGl0ZXJhdHVyL1JlZmVyZW5jZXMvYnJvbGw5OGR3dHAucGRmABMAAS8AABUAAgAY//8AAIAG0hscHR5aJGNsYXNzbmFtZVgkY2xhc3Nlc11OU011dGFibGVEYXRhox0fIFZOU0RhdGFYTlNPYmplY3TSGxwiI1xOU0RpY3Rpb25hcnmiIiBfEA9OU0tleWVkQXJjaGl2ZXLRJidUcm9vdIABAAgAEQAaACMALQAyADcAQABGAE0AVQBgAGcAagBsAG4AcQBzAHUAdwCEAI4AxADJANECiQKLApACmwKkArICtgK9AsYCywLYAtsC7QLwAvUAAAAAAAACAQAAAAAAAAAoAAAAAAAAAAAAAAAAAAAC9w==},
	Bdsk-Url-1 = {http://ece.uwaterloo.ca/vrml98/cdrom/papers/broll/broll.pdf},
	Bdsk-Url-2 = {http://citeseer.ist.psu.edu/context/1726405/0}}

@inproceedings{broll98dwtp2,
	Address = {San Jose, CA, USA},
	Author = {Wolfgang Broll and Daniel Schick},
	Booktitle = {IS\&T/SPIE's Symposium on Electronic Imaging: Science and Technology (EI '98)},
	Citeseerurl = {http://citeseer.ist.psu.edu/broll98dwtp.html},
	Date-Added = {2014-03-15 19:55:24 +0000},
	Date-Modified = {2014-03-15 19:56:27 +0000},
	Editor = {Mark T. Bolas and Scott S. Fisher and John O. Merritt},
	File = {broll98dwtp2.pdf:broll98dwtp2.pdf:PDF},
	Keywords = {Protocol, DWTP},
	Month = {January},
	Owner = {lu43lun},
	Pages = {370--380},
	Publisher = {ACM Press},
	Timestamp = {2014.03.15},
	Title = {DWTP - a basis for networked VR on the Internet},
	Url = {http://bookstore.spie.org/index.cfm?fuseaction=detailvolume&productid=287975&coden=},
	Year = {1998},
	Bdsk-Url-1 = {http://bookstore.spie.org/index.cfm?fuseaction=detailvolume&productid=287975&coden=},
	Bdsk-Url-2 = {http://citeseer.ist.psu.edu/broll98dwtp.html}}

@inproceedings{boukerche09architectural,
	Abstract = {Web based Virtual reality application can be helpful in many real
	world applications such as education, virtual conferences, entertainment.
	Observing the progress of the gaming industry over the years can
	show the advancement in virtual reality web application and virtual
	environments clearly. In this paper, we present a virtual hospital
	in the form of a 3D virtual environment. This virtual environment
	depicts the Department of Radiology at Ottawa General Hospital where
	learners experiment on radiology equipment by carrying out specific
	learning scenarios we apply our proposed architecture on a test bed
	that consists of a cancer treatment scenario within a 3D virtual
	Radiology Department. We will incorporate the High Level Architecture
	HLA standard as an important corner stone in allowing the e-learning
	environment to be distributed and interactive.},
	Address = {Nashville, TN, USA},
	Author = {Azzedine Boukerche and Abdulaziz Al Hamidi and Richard Pazzi and Luqman Ahmad},
	Booktitle = {IEEE Workshop on Computational Intelligence in Virtual Environments (CIVE '09)},
	Date-Added = {2014-03-15 19:54:46 +0000},
	Date-Modified = {2014-03-15 19:56:15 +0000},
	Month = {May},
	Owner = {AK108898},
	Pages = {45--52},
	Timestamp = {2010.05.03},
	Title = {Architectural Design for the 3D Virtual Radiology Department using Virtual Reality Technology},
	Url = {http://ieeexplore.ieee.org/xpls/abs_all.jsp?arnumber=4926317},
	Year = {2009},
	Bdsk-File-1 = {YnBsaXN0MDDUAQIDBAUGJCVYJHZlcnNpb25YJG9iamVjdHNZJGFyY2hpdmVyVCR0b3ASAAGGoKgHCBMUFRYaIVUkbnVsbNMJCgsMDxJXTlMua2V5c1pOUy5vYmplY3RzViRjbGFzc6INDoACgAOiEBGABIAFgAdccmVsYXRpdmVQYXRoWWFsaWFzRGF0YV8QQC4uLy4uLy4uLy4uLy4uL0xpdGVyYXR1ci9SZWZlcmVuY2VzL2JvdWtlcmNoZTA5YXJjaGl0ZWN0dXJhbC5wZGbSFwsYGVdOUy5kYXRhTxEB6AAAAAAB6AACAAAMTWFjaW50b3NoIEhEAAAAAAAAAAAAAAAAAAAAz2SL1EgrAAAAFo90HGJvdWtlcmNoZTA5YXJjaGl0ZWN0dXJhbC5wZGYAAAAAAAAAAAAAAAAAAAAAAAAAAAAAAAAAAAAAAAAAAAAAAAAWkAXPSmpqAAAAAAAAAAAABQADAAAJIAAAAAAAAAAAAAAAAAAAAApSZWZlcmVuY2VzABAACAAAz2RvtAAAABEACAAAz0pcWgAAAAEAEAAWj3QADzJCAAYiHwACZEsAAgBaTWFjaW50b3NoIEhEOlVzZXJzOgB0aWJvcmdvbGRzY2h3ZW5kdDoATGl0ZXJhdHVyOgBSZWZlcmVuY2VzOgBib3VrZXJjaGUwOWFyY2hpdGVjdHVyYWwucGRmAA4AOgAcAGIAbwB1AGsAZQByAGMAaABlADAAOQBhAHIAYwBoAGkAdABlAGMAdAB1AHIAYQBsAC4AcABkAGYADwAaAAwATQBhAGMAaQBuAHQAbwBzAGgAIABIAEQAEgBJVXNlcnMvdGlib3Jnb2xkc2Nod2VuZHQvTGl0ZXJhdHVyL1JlZmVyZW5jZXMvYm91a2VyY2hlMDlhcmNoaXRlY3R1cmFsLnBkZgAAEwABLwAAFQACABj//wAAgAbSGxwdHlokY2xhc3NuYW1lWCRjbGFzc2VzXU5TTXV0YWJsZURhdGGjHR8gVk5TRGF0YVhOU09iamVjdNIbHCIjXE5TRGljdGlvbmFyeaIiIF8QD05TS2V5ZWRBcmNoaXZlctEmJ1Ryb290gAEACAARABoAIwAtADIANwBAAEYATQBVAGAAZwBqAGwAbgBxAHMAdQB3AIQAjgDRANYA3gLKAswC0QLcAuUC8wL3Av4DBwMMAxkDHAMuAzEDNgAAAAAAAAIBAAAAAAAAACgAAAAAAAAAAAAAAAAAAAM4},
	Bdsk-Url-1 = {http://ieeexplore.ieee.org/xpls/abs_all.jsp?arnumber=4926317}}

@inproceedings{tahrani07analyzing,
	Abstract = {The urban environment is defined by the interaction between the city
	morphological characteristics and its physical behavior based on
	the human interpretation. Contemporary psychology emphasizes the
	relation between perception and action and shows that perception
	can be enhanced by the receptor's motion. Basing our work on these
	principles, we assume that virtual reality techniques, bringing both
	immersion and interaction to static computer generated images can
	be of use to study solar effects and therefore daylight ambience.
	In this paper, we show the methodology for solar effects analysis
	in both real and virtual world and build demonstrators to compare
	the emergence of solar effects.},
	Address = {Charlotte, NC, USA},
	Author = {Souha Tahrani and Guillaume Moreaut},
	Booktitle = {IEEE Virtual Reality (VR '07)},
	Date-Added = {2014-03-15 19:53:55 +0000},
	Date-Modified = {2014-03-15 19:56:15 +0000},
	Month = {March},
	Owner = {AK108898},
	Pages = {227--230},
	Timestamp = {2010.05.10},
	Title = {Analyzing urban daylighting ambiences by walking in a virtual city},
	Url = {http://www.computer.org/portal/web/csdl/doi/10.1109/VR.2007.352487},
	Year = {2007},
	Bdsk-File-1 = {YnBsaXN0MDDUAQIDBAUGJCVYJHZlcnNpb25YJG9iamVjdHNZJGFyY2hpdmVyVCR0b3ASAAGGoKgHCBMUFRYaIVUkbnVsbNMJCgsMDxJXTlMua2V5c1pOUy5vYmplY3RzViRjbGFzc6INDoACgAOiEBGABIAFgAdccmVsYXRpdmVQYXRoWWFsaWFzRGF0YV8QOi4uLy4uLy4uLy4uLy4uL0xpdGVyYXR1ci9SZWZlcmVuY2VzL3RhaHJhbmkwN2FuYWx5emluZy5wZGbSFwsYGVdOUy5kYXRhTxEB0AAAAAAB0AACAAAMTWFjaW50b3NoIEhEAAAAAAAAAAAAAAAAAAAAz2SL1EgrAAAAFo90FnRhaHJhbmkwN2FuYWx5emluZy5wZGYAAAAAAAAAAAAAAAAAAAAAAAAAAAAAAAAAAAAAAAAAAAAAAAAAAAAAAAAWkBbPSmpqAAAAAAAAAAAABQADAAAJIAAAAAAAAAAAAAAAAAAAAApSZWZlcmVuY2VzABAACAAAz2RvtAAAABEACAAAz0pcWgAAAAEAEAAWj3QADzJCAAYiHwACZEsAAgBUTWFjaW50b3NoIEhEOlVzZXJzOgB0aWJvcmdvbGRzY2h3ZW5kdDoATGl0ZXJhdHVyOgBSZWZlcmVuY2VzOgB0YWhyYW5pMDdhbmFseXppbmcucGRmAA4ALgAWAHQAYQBoAHIAYQBuAGkAMAA3AGEAbgBhAGwAeQB6AGkAbgBnAC4AcABkAGYADwAaAAwATQBhAGMAaQBuAHQAbwBzAGgAIABIAEQAEgBDVXNlcnMvdGlib3Jnb2xkc2Nod2VuZHQvTGl0ZXJhdHVyL1JlZmVyZW5jZXMvdGFocmFuaTA3YW5hbHl6aW5nLnBkZgAAEwABLwAAFQACABj//wAAgAbSGxwdHlokY2xhc3NuYW1lWCRjbGFzc2VzXU5TTXV0YWJsZURhdGGjHR8gVk5TRGF0YVhOU09iamVjdNIbHCIjXE5TRGljdGlvbmFyeaIiIF8QD05TS2V5ZWRBcmNoaXZlctEmJ1Ryb290gAEACAARABoAIwAtADIANwBAAEYATQBVAGAAZwBqAGwAbgBxAHMAdQB3AIQAjgDLANAA2AKsAq4CswK+AscC1QLZAuAC6QLuAvsC/gMQAxMDGAAAAAAAAAIBAAAAAAAAACgAAAAAAAAAAAAAAAAAAAMa},
	Bdsk-Url-1 = {http://www.computer.org/portal/web/csdl/doi/10.1109/VR.2007.352487}}

@inproceedings{schubert12physical,
	Address = {Taipei, Taiwan},
	Author = {Gerhard Schubert and Christoph Anthes and Frank Petzold and Dieter Kranzlm{\"u}ller},
	Booktitle = {12th International Conference on Construction Applications of Virtual Reality (CONVR '12)},
	Date-Added = {2014-03-15 19:51:27 +0000},
	Date-Modified = {2014-03-15 19:57:24 +0000},
	Month = {November},
	Owner = {lu43lun},
	Pages = {417--426},
	Timestamp = {2014.03.15},
	Title = {From Physical to Virtual: Real-Time Immersive Visualisations from an Architect's Working Model},
	Year = {2012},
	Bdsk-File-1 = {YnBsaXN0MDDUAQIDBAUGJCVYJHZlcnNpb25YJG9iamVjdHNZJGFyY2hpdmVyVCR0b3ASAAGGoKgHCBMUFRYaIVUkbnVsbNMJCgsMDxJXTlMua2V5c1pOUy5vYmplY3RzViRjbGFzc6INDoACgAOiEBGABIAFgAdccmVsYXRpdmVQYXRoWWFsaWFzRGF0YV8QNi4uLy4uLy4uLy4uLy4uL0xpdGVyYXR1ci9SZWZlcmVuY2VzL3NjaHViZXJ0MTJmcm9tLnBkZtIXCxgZV05TLmRhdGFPEQHAAAAAAAHAAAIAAAxNYWNpbnRvc2ggSEQAAAAAAAAAAAAAAAAAAADPZIvUSCsAAAAWj3QSc2NodWJlcnQxMmZyb20ucGRmAAAAAAAAAAAAAAAAAAAAAAAAAAAAAAAAAAAAAAAAAAAAAAAAAAAAAAAAAAAAABaQEs3Y1QIAAAAAAAAAAAAFAAMAAAkgAAAAAAAAAAAAAAAAAAAAClJlZmVyZW5jZXMAEAAIAADPZG+0AAAAEQAIAADN2LjiAAAAAQAQABaPdAAPMkIABiIfAAJkSwACAFBNYWNpbnRvc2ggSEQ6VXNlcnM6AHRpYm9yZ29sZHNjaHdlbmR0OgBMaXRlcmF0dXI6AFJlZmVyZW5jZXM6AHNjaHViZXJ0MTJmcm9tLnBkZgAOACYAEgBzAGMAaAB1AGIAZQByAHQAMQAyAGYAcgBvAG0ALgBwAGQAZgAPABoADABNAGEAYwBpAG4AdABvAHMAaAAgAEgARAASAD9Vc2Vycy90aWJvcmdvbGRzY2h3ZW5kdC9MaXRlcmF0dXIvUmVmZXJlbmNlcy9zY2h1YmVydDEyZnJvbS5wZGYAABMAAS8AABUAAgAY//8AAIAG0hscHR5aJGNsYXNzbmFtZVgkY2xhc3Nlc11OU011dGFibGVEYXRhox0fIFZOU0RhdGFYTlNPYmplY3TSGxwiI1xOU0RpY3Rpb25hcnmiIiBfEA9OU0tleWVkQXJjaGl2ZXLRJidUcm9vdIABAAgAEQAaACMALQAyADcAQABGAE0AVQBgAGcAagBsAG4AcQBzAHUAdwCEAI4AxwDMANQCmAKaAp8CqgKzAsECxQLMAtUC2gLnAuoC/AL/AwQAAAAAAAACAQAAAAAAAAAoAAAAAAAAAAAAAAAAAAADBg==}}

@article{lindinger06multi-user,
	Author = {Lindinger, Christopher and Haring, Roland and H{\"o}rtner, Horst and Kuka, Daniela and Kato, Hirokazu},
	Date-Added = {2014-03-14 17:12:14 +0000},
	Date-Modified = {2014-03-15 19:56:15 +0000},
	Doi = {10.1007/s10055-006-0047-1},
	Issn = {1359-4338},
	Journal = {Virtual Reality},
	Keywords = {Collaborative virtual environment; Multi-user mixed reality system; Nonlinear exhibition; Edutainment; Virtuality--Reality continuum; Physical-based interaction},
	Language = {English},
	Number = {2},
	Pages = {109-118},
	Publisher = {Springer-Verlag},
	Title = {Multi-user mixed reality system `Gulliver's World': a case study on collaborative edutainment at the intersection of material and virtual worlds},
	Url = {http://dx.doi.org/10.1007/s10055-006-0047-1},
	Volume = {10},
	Year = {2006},
	Bdsk-File-1 = {YnBsaXN0MDDUAQIDBAUGJCVYJHZlcnNpb25YJG9iamVjdHNZJGFyY2hpdmVyVCR0b3ASAAGGoKgHCBMUFRYaIVUkbnVsbNMJCgsMDxJXTlMua2V5c1pOUy5vYmplY3RzViRjbGFzc6INDoACgAOiEBGABIAFgAdccmVsYXRpdmVQYXRoWWFsaWFzRGF0YV8QPS4uLy4uLy4uLy4uLy4uL0xpdGVyYXR1ci9SZWZlcmVuY2VzL2xpbmRpbmdlcjA2bXVsdGktdXNlci5wZGbSFwsYGVdOUy5kYXRhTxEB3AAAAAAB3AACAAAMTWFjaW50b3NoIEhEAAAAAAAAAAAAAAAAAAAAz2SL1EgrAAAAFo90GWxpbmRpbmdlcjA2bXVsdGktdXNlci5wZGYAAAAAAAAAAAAAAAAAAAAAAAAAAAAAAAAAAAAAAAAAAAAAAAAAAAAWkAzPR2xcAAAAAAAAAAAABQADAAAJIAAAAAAAAAAAAAAAAAAAAApSZWZlcmVuY2VzABAACAAAz2RvtAAAABEACAAAz0deTAAAAAEAEAAWj3QADzJCAAYiHwACZEsAAgBXTWFjaW50b3NoIEhEOlVzZXJzOgB0aWJvcmdvbGRzY2h3ZW5kdDoATGl0ZXJhdHVyOgBSZWZlcmVuY2VzOgBsaW5kaW5nZXIwNm11bHRpLXVzZXIucGRmAAAOADQAGQBsAGkAbgBkAGkAbgBnAGUAcgAwADYAbQB1AGwAdABpAC0AdQBzAGUAcgAuAHAAZABmAA8AGgAMAE0AYQBjAGkAbgB0AG8AcwBoACAASABEABIARlVzZXJzL3RpYm9yZ29sZHNjaHdlbmR0L0xpdGVyYXR1ci9SZWZlcmVuY2VzL2xpbmRpbmdlcjA2bXVsdGktdXNlci5wZGYAEwABLwAAFQACABj//wAAgAbSGxwdHlokY2xhc3NuYW1lWCRjbGFzc2VzXU5TTXV0YWJsZURhdGGjHR8gVk5TRGF0YVhOU09iamVjdNIbHCIjXE5TRGljdGlvbmFyeaIiIF8QD05TS2V5ZWRBcmNoaXZlctEmJ1Ryb290gAEACAARABoAIwAtADIANwBAAEYATQBVAGAAZwBqAGwAbgBxAHMAdQB3AIQAjgDOANMA2wK7Ar0CwgLNAtYC5ALoAu8C+AL9AwoDDQMfAyIDJwAAAAAAAAIBAAAAAAAAACgAAAAAAAAAAAAAAAAAAAMp},
	Bdsk-Url-1 = {http://dx.doi.org/10.1007/s10055-006-0047-1}}

@article{ben-joseph01urban,
	Author = {Ben-Joseph, Eran and Ishii, Hiroshi and Underkoffler, John and Piper, Ben and Yeung, Luke},
	Date-Added = {2014-03-14 17:07:33 +0000},
	Date-Modified = {2014-03-15 19:56:15 +0000},
	Doi = {10.1177/0739456X0102100207},
	Journal = {Journal of planning Education and Research},
	Number = {2},
	Pages = {196--203},
	Publisher = {Sage Publications},
	Title = {Urban simulation and the luminous planning table bridging the gap between the digital and the tangible},
	Volume = {21},
	Year = {2001},
	Bdsk-File-1 = {YnBsaXN0MDDUAQIDBAUGJCVYJHZlcnNpb25YJG9iamVjdHNZJGFyY2hpdmVyVCR0b3ASAAGGoKgHCBMUFRYaIVUkbnVsbNMJCgsMDxJXTlMua2V5c1pOUy5vYmplY3RzViRjbGFzc6INDoACgAOiEBGABIAFgAdccmVsYXRpdmVQYXRoWWFsaWFzRGF0YV8QOS4uLy4uLy4uLy4uLy4uL0xpdGVyYXR1ci9SZWZlcmVuY2VzL2Jlbi1qb3NlcGgwMXVyYmFuLnBkZtIXCxgZV05TLmRhdGFPEQHMAAAAAAHMAAIAAAxNYWNpbnRvc2ggSEQAAAAAAAAAAAAAAAAAAADPZIvUSCsAAAAWj3QVYmVuLWpvc2VwaDAxdXJiYW4ucGRmAAAAAAAAAAAAAAAAAAAAAAAAAAAAAAAAAAAAAAAAAAAAAAAAAAAAAAAAABaQBM9HjQoAAAAAAAAAAAAFAAMAAAkgAAAAAAAAAAAAAAAAAAAAClJlZmVyZW5jZXMAEAAIAADPZG+0AAAAEQAIAADPR376AAAAAQAQABaPdAAPMkIABiIfAAJkSwACAFNNYWNpbnRvc2ggSEQ6VXNlcnM6AHRpYm9yZ29sZHNjaHdlbmR0OgBMaXRlcmF0dXI6AFJlZmVyZW5jZXM6AGJlbi1qb3NlcGgwMXVyYmFuLnBkZgAADgAsABUAYgBlAG4ALQBqAG8AcwBlAHAAaAAwADEAdQByAGIAYQBuAC4AcABkAGYADwAaAAwATQBhAGMAaQBuAHQAbwBzAGgAIABIAEQAEgBCVXNlcnMvdGlib3Jnb2xkc2Nod2VuZHQvTGl0ZXJhdHVyL1JlZmVyZW5jZXMvYmVuLWpvc2VwaDAxdXJiYW4ucGRmABMAAS8AABUAAgAY//8AAIAG0hscHR5aJGNsYXNzbmFtZVgkY2xhc3Nlc11OU011dGFibGVEYXRhox0fIFZOU0RhdGFYTlNPYmplY3TSGxwiI1xOU0RpY3Rpb25hcnmiIiBfEA9OU0tleWVkQXJjaGl2ZXLRJidUcm9vdIABAAgAEQAaACMALQAyADcAQABGAE0AVQBgAGcAagBsAG4AcQBzAHUAdwCEAI4AygDPANcCpwKpAq4CuQLCAtAC1ALbAuQC6QL2AvkDCwMOAxMAAAAAAAACAQAAAAAAAAAoAAAAAAAAAAAAAAAAAAADFQ==}}

@incollection{becker06tangible,
	Author = {Becker, M. and W{\"o}ssner, U.},
	Booktitle = {Computational Science and High Performance Computing II},
	Date-Added = {2014-03-14 17:04:56 +0000},
	Date-Modified = {2014-03-15 19:56:15 +0000},
	Doi = {10.1007/3-540-31768-6_21},
	Editor = {Krause, Egon and Shokin, Yurii and Resch, Michael and Shokina, Nina},
	Isbn = {978-3-540-31767-8},
	Pages = {253-260},
	Publisher = {Springer Berlin Heidelberg},
	Series = {Notes on Numerical Fluid Mechanics and Multidisciplinary Design},
	Title = {Tangible interfaces for interactive flow simulation},
	Url = {http://dx.doi.org/10.1007/3-540-31768-6_21},
	Volume = {91},
	Year = {2006},
	Bdsk-File-1 = {YnBsaXN0MDDUAQIDBAUGJCVYJHZlcnNpb25YJG9iamVjdHNZJGFyY2hpdmVyVCR0b3ASAAGGoKgHCBMUFRYaIVUkbnVsbNMJCgsMDxJXTlMua2V5c1pOUy5vYmplY3RzViRjbGFzc6INDoACgAOiEBGABIAFgAdccmVsYXRpdmVQYXRoWWFsaWFzRGF0YV8QOC4uLy4uLy4uLy4uLy4uL0xpdGVyYXR1ci9SZWZlcmVuY2VzL2JlY2tlcjA2dGFuZ2libGUucGRm0hcLGBlXTlMuZGF0YU8RAcgAAAAAAcgAAgAADE1hY2ludG9zaCBIRAAAAAAAAAAAAAAAAAAAAM9ki9RIKwAAABaPdBRiZWNrZXIwNnRhbmdpYmxlLnBkZgAAAAAAAAAAAAAAAAAAAAAAAAAAAAAAAAAAAAAAAAAAAAAAAAAAAAAAAAAAFpADz0j1IgAAAAAAAAAAAAUAAwAACSAAAAAAAAAAAAAAAAAAAAAKUmVmZXJlbmNlcwAQAAgAAM9kb7QAAAARAAgAAM9I5xIAAAABABAAFo90AA8yQgAGIh8AAmRLAAIAUk1hY2ludG9zaCBIRDpVc2VyczoAdGlib3Jnb2xkc2Nod2VuZHQ6AExpdGVyYXR1cjoAUmVmZXJlbmNlczoAYmVja2VyMDZ0YW5naWJsZS5wZGYADgAqABQAYgBlAGMAawBlAHIAMAA2AHQAYQBuAGcAaQBiAGwAZQAuAHAAZABmAA8AGgAMAE0AYQBjAGkAbgB0AG8AcwBoACAASABEABIAQVVzZXJzL3RpYm9yZ29sZHNjaHdlbmR0L0xpdGVyYXR1ci9SZWZlcmVuY2VzL2JlY2tlcjA2dGFuZ2libGUucGRmAAATAAEvAAAVAAIAGP//AACABtIbHB0eWiRjbGFzc25hbWVYJGNsYXNzZXNdTlNNdXRhYmxlRGF0YaMdHyBWTlNEYXRhWE5TT2JqZWN00hscIiNcTlNEaWN0aW9uYXJ5oiIgXxAPTlNLZXllZEFyY2hpdmVy0SYnVHJvb3SAAQAIABEAGgAjAC0AMgA3AEAARgBNAFUAYABnAGoAbABuAHEAcwB1AHcAhACOAMkAzgDWAqICpAKpArQCvQLLAs8C1gLfAuQC8QL0AwYDCQMOAAAAAAAAAgEAAAAAAAAAKAAAAAAAAAAAAAAAAAAAAxA=},
	Bdsk-Url-1 = {http://dx.doi.org/10.1007/3-540-31768-6_21}}

@article{cruz-neira92cave:,
	Acmid = {129892},
	Address = {New York, NY, USA},
	Author = {Carolina Cruz-Neira and Daniel J. Sandin and Thomas A. DeFanti and Robert V. Kenyon and John C. Hart},
	Date-Added = {2014-03-14 16:50:59 +0000},
	Date-Modified = {2014-03-15 19:56:15 +0000},
	Doi = {10.1145/129888.129892},
	Issn = {0001-0782},
	Issue_Date = {June 1992},
	Journal = {Commun. ACM},
	Month = jun,
	Number = {6},
	Numpages = {9},
	Pages = {64--72},
	Publisher = {ACM},
	Title = {The CAVE: Audio visual experience automatic virtual environment},
	Url = {http://doi.acm.org/10.1145/129888.129892},
	Volume = {35},
	Year = {1992},
	Bdsk-File-1 = {YnBsaXN0MDDUAQIDBAUGJCVYJHZlcnNpb25YJG9iamVjdHNZJGFyY2hpdmVyVCR0b3ASAAGGoKgHCBMUFRYaIVUkbnVsbNMJCgsMDxJXTlMua2V5c1pOUy5vYmplY3RzViRjbGFzc6INDoACgAOiEBGABIAFgAdccmVsYXRpdmVQYXRoWWFsaWFzRGF0YV8QOC4uLy4uLy4uLy4uLy4uL0xpdGVyYXR1ci9SZWZlcmVuY2VzL2NydXotbmVpcmE5MmNhdmUucGRm0hcLGBlXTlMuZGF0YU8RAcgAAAAAAcgAAgAADE1hY2ludG9zaCBIRAAAAAAAAAAAAAAAAAAAAM9ki9RIKwAAABaPdBRjcnV6LW5laXJhOTJjYXZlLnBkZgAAAAAAAAAAAAAAAAAAAAAAAAAAAAAAAAAAAAAAAAAAAAAAAAAAAAAAAAAAFpAHzKyoEQAAAAAAAAAAAAUAAwAACSAAAAAAAAAAAAAAAAAAAAAKUmVmZXJlbmNlcwAQAAgAAM9kb7QAAAARAAgAAMysi/EAAAABABAAFo90AA8yQgAGIh8AAmRLAAIAUk1hY2ludG9zaCBIRDpVc2VyczoAdGlib3Jnb2xkc2Nod2VuZHQ6AExpdGVyYXR1cjoAUmVmZXJlbmNlczoAY3J1ei1uZWlyYTkyY2F2ZS5wZGYADgAqABQAYwByAHUAegAtAG4AZQBpAHIAYQA5ADIAYwBhAHYAZQAuAHAAZABmAA8AGgAMAE0AYQBjAGkAbgB0AG8AcwBoACAASABEABIAQVVzZXJzL3RpYm9yZ29sZHNjaHdlbmR0L0xpdGVyYXR1ci9SZWZlcmVuY2VzL2NydXotbmVpcmE5MmNhdmUucGRmAAATAAEvAAAVAAIAGP//AACABtIbHB0eWiRjbGFzc25hbWVYJGNsYXNzZXNdTlNNdXRhYmxlRGF0YaMdHyBWTlNEYXRhWE5TT2JqZWN00hscIiNcTlNEaWN0aW9uYXJ5oiIgXxAPTlNLZXllZEFyY2hpdmVy0SYnVHJvb3SAAQAIABEAGgAjAC0AMgA3AEAARgBNAFUAYABnAGoAbABuAHEAcwB1AHcAhACOAMkAzgDWAqICpAKpArQCvQLLAs8C1gLfAuQC8QL0AwYDCQMOAAAAAAAAAgEAAAAAAAAAKAAAAAAAAAAAAAAAAAAAAxA=},
	Bdsk-Url-1 = {http://doi.acm.org/10.1145/129888.129892},
	Bdsk-Url-2 = {http://dx.doi.org/10.1145/129888.129892}}

@inproceedings{cruz-neira93surround-screen,
	Acmid = {166134},
	Address = {New York, NY, USA},
	Author = {Carolina Cruz-Neira and Daniel J. Sandin and Thomas A. DeFanti},
	Booktitle = {Proceedings of the 20th annual conference on Computer graphics and interactive techniques},
	Date-Added = {2014-03-14 16:50:59 +0000},
	Date-Modified = {2014-03-15 19:56:15 +0000},
	Doi = {10.1145/166117.166134},
	Isbn = {0-89791-601-8},
	Keywords = {head-tracking, projection paradigms, real-time manipulation, stereoscopic display, virtual reality},
	Location = {Anaheim, CA},
	Numpages = {8},
	Pages = {135--142},
	Publisher = {ACM},
	Series = {SIGGRAPH '93},
	Title = {Surround-screen projection-based virtual reality: The design and implementation of the CAVE},
	Url = {http://doi.acm.org/10.1145/166117.166134},
	Year = {1993},
	Bdsk-File-1 = {YnBsaXN0MDDUAQIDBAUGJCVYJHZlcnNpb25YJG9iamVjdHNZJGFyY2hpdmVyVCR0b3ASAAGGoKgHCBMUFRYaIVUkbnVsbNMJCgsMDxJXTlMua2V5c1pOUy5vYmplY3RzViRjbGFzc6INDoACgAOiEBGABIAFgAdccmVsYXRpdmVQYXRoWWFsaWFzRGF0YV8QQy4uLy4uLy4uLy4uLy4uL0xpdGVyYXR1ci9SZWZlcmVuY2VzL2NydXotbmVpcmE5M3N1cnJvdW5kLXNjcmVlbi5wZGbSFwsYGVdOUy5kYXRhTxEB9AAAAAAB9AACAAAMTWFjaW50b3NoIEhEAAAAAAAAAAAAAAAAAAAAz2SL1EgrAAAAFo90H2NydXotbmVpcmE5M3N1cnJvdW5kLXNjcmVlbi5wZGYAAAAAAAAAAAAAAAAAAAAAAAAAAAAAAAAAAAAAAAAAAAAWkAjMrKgNAAAAAAAAAAAABQADAAAJIAAAAAAAAAAAAAAAAAAAAApSZWZlcmVuY2VzABAACAAAz2RvtAAAABEACAAAzKyL7QAAAAEAEAAWj3QADzJCAAYiHwACZEsAAgBdTWFjaW50b3NoIEhEOlVzZXJzOgB0aWJvcmdvbGRzY2h3ZW5kdDoATGl0ZXJhdHVyOgBSZWZlcmVuY2VzOgBjcnV6LW5laXJhOTNzdXJyb3VuZC1zY3JlZW4ucGRmAAAOAEAAHwBjAHIAdQB6AC0AbgBlAGkAcgBhADkAMwBzAHUAcgByAG8AdQBuAGQALQBzAGMAcgBlAGUAbgAuAHAAZABmAA8AGgAMAE0AYQBjAGkAbgB0AG8AcwBoACAASABEABIATFVzZXJzL3RpYm9yZ29sZHNjaHdlbmR0L0xpdGVyYXR1ci9SZWZlcmVuY2VzL2NydXotbmVpcmE5M3N1cnJvdW5kLXNjcmVlbi5wZGYAEwABLwAAFQACABj//wAAgAbSGxwdHlokY2xhc3NuYW1lWCRjbGFzc2VzXU5TTXV0YWJsZURhdGGjHR8gVk5TRGF0YVhOU09iamVjdNIbHCIjXE5TRGljdGlvbmFyeaIiIF8QD05TS2V5ZWRBcmNoaXZlctEmJ1Ryb290gAEACAARABoAIwAtADIANwBAAEYATQBVAGAAZwBqAGwAbgBxAHMAdQB3AIQAjgDUANkA4QLZAtsC4ALrAvQDAgMGAw0DFgMbAygDKwM9A0ADRQAAAAAAAAIBAAAAAAAAACgAAAAAAAAAAAAAAAAAAANH},
	Bdsk-Url-1 = {http://doi.acm.org/10.1145/166117.166134},
	Bdsk-Url-2 = {http://dx.doi.org/10.1145/166117.166134}}

@book{diehl01distributed,
	Author = {Stephan Diehl},
	Date-Added = {2014-03-14 16:50:59 +0000},
	Date-Modified = {2014-03-15 19:56:15 +0000},
	Publisher = {Springer Berlin Heidelberg},
	Title = {Distributed Virtual Worlds},
	Year = {2001}}

@book{gamma94design,
	Author = {Gamma, Erich and Helm, Richard and Johnson, Ralph and Vlissides, John},
	Date-Added = {2014-03-14 16:50:59 +0000},
	Date-Modified = {2014-03-15 19:56:15 +0000},
	Edition = {1},
	Publisher = {Addison-Wesley},
	Title = {Design Patterns. Elements of Reusable Object-Oriented Software.},
	Year = {1994}}

@inproceedings{haffegee05tools,
	Abstract = {This paper introduces a tool set consisting of open source libraries
	thatare being developed to facilitate the quick and easy implementation
	ofcollaborative VR applications. It describes functionality that
	can be usedfor generating and displaying a Virtual Environment (VE)
	on varied VR platforms.This is enhanced to provide collaboration
	support through additional modulessuch as networking. Two existing
	VR applications which make use of thesetools are described. Both
	were developed effortlessly over a short periodof time, and demonstrate
	the power of these tools for implementing a diverserange of applications.},
	Address = {Atlanta, GA, USA},
	Author = {Adrian Haffegee and Ronan Jamieson and Christoph Anthes and Vassil N. Alexandrov},
	Booktitle = {International Conference on Computational Science (ICCS '05)},
	Date-Added = {2014-03-14 16:50:59 +0000},
	Date-Modified = {2014-03-15 19:56:15 +0000},
	Editor = {Vaidy S. Sunderam and Geert Dick van Albada and Peter M. A. Sloot and Jack J. Dongarra},
	File = {haffegee05tools.pdf:haffegee05tools.pdf:PDF},
	Month = {May},
	Owner = {lu43lun},
	Pages = {350--358},
	Publisher = {Springer},
	Series = {Lecture Notes in Computer Science (LNCS)},
	Timestamp = {2013.09.17},
	Title = {Tools For Collaborative VR Application Development},
	Url = {www.springerlink.com/index/J3X0M7AKP3QW3RBF.pdf},
	Volume = {3516},
	Year = {2005},
	Bdsk-Url-1 = {www.springerlink.com/index/J3X0M7AKP3QW3RBF.pdf}}

@inproceedings{kessler96network,
	Abstract = {Virtual environment (VE) applications involve many different tasks,
	including interfacing with input and output devices, providing responsive
	user interaction, and simulating a dynamic environment. The variety
	and number of tasks lends the application to a distributed computing
	system, where different tasks are performed by different computing
	resources. A critical issue that arises from such a design is how
	information is communicated between tasks. In particular, for virtual
	environments, how information is communicated promptly is the critical
	issue. In this work, we describe a pattern of communication common
	between VE tasks which is not addressed by other communication protocols,
	namely the communication of state information
	
	that continuously changes. We describe a new protocol based on an
	updatable queue abstraction which allows obsolete state information
	to be discarded, and compare a
	
	prototype implementation of that abstraction with a standard communication
	protocol.},
	Address = {Santa Clara, CA, USA},
	Author = {Gregory D. Kessler and Larry F. Hodges},
	Booktitle = {IEEE Virtual Reality Annual International Symposium (VRAIS '96)},
	Date-Added = {2014-03-14 16:50:59 +0000},
	Date-Modified = {2014-03-15 19:56:15 +0000},
	File = {kessler96network.pdf:kessler96network.pdf:PDF},
	Keywords = {Protocol},
	Month = {March},
	Owner = {Administrator},
	Pages = {214--221},
	Publisher = {IEEE Computer Society},
	Timestamp = {2006.02.16},
	Title = {A Network Communication Protocol for Distributed Virtual Environment Systems},
	Url = {http://intl.ieeexplore.ieee.org/xpl/abs_free.jsp?arNumber=490530},
	Year = {1996},
	Bdsk-File-1 = {YnBsaXN0MDDUAQIDBAUGJCVYJHZlcnNpb25YJG9iamVjdHNZJGFyY2hpdmVyVCR0b3ASAAGGoKgHCBMUFRYaIVUkbnVsbNMJCgsMDxJXTlMua2V5c1pOUy5vYmplY3RzViRjbGFzc6INDoACgAOiEBGABIAFgAdccmVsYXRpdmVQYXRoWWFsaWFzRGF0YV8QOC4uLy4uLy4uLy4uLy4uL0xpdGVyYXR1ci9SZWZlcmVuY2VzL2tlc3NsZXI5Nm5ldHdvcmsucGRm0hcLGBlXTlMuZGF0YU8RAcgAAAAAAcgAAgAADE1hY2ludG9zaCBIRAAAAAAAAAAAAAAAAAAAAM9ki9RIKwAAABaPdBRrZXNzbGVyOTZuZXR3b3JrLnBkZgAAAAAAAAAAAAAAAAAAAAAAAAAAAAAAAAAAAAAAAAAAAAAAAAAAAAAAAAAAFpALzRLyPgAAAAAAAAAAAAUAAwAACSAAAAAAAAAAAAAAAAAAAAAKUmVmZXJlbmNlcwAQAAgAAM9kb7QAAAARAAgAAM0S5C4AAAABABAAFo90AA8yQgAGIh8AAmRLAAIAUk1hY2ludG9zaCBIRDpVc2VyczoAdGlib3Jnb2xkc2Nod2VuZHQ6AExpdGVyYXR1cjoAUmVmZXJlbmNlczoAa2Vzc2xlcjk2bmV0d29yay5wZGYADgAqABQAawBlAHMAcwBsAGUAcgA5ADYAbgBlAHQAdwBvAHIAawAuAHAAZABmAA8AGgAMAE0AYQBjAGkAbgB0AG8AcwBoACAASABEABIAQVVzZXJzL3RpYm9yZ29sZHNjaHdlbmR0L0xpdGVyYXR1ci9SZWZlcmVuY2VzL2tlc3NsZXI5Nm5ldHdvcmsucGRmAAATAAEvAAAVAAIAGP//AACABtIbHB0eWiRjbGFzc25hbWVYJGNsYXNzZXNdTlNNdXRhYmxlRGF0YaMdHyBWTlNEYXRhWE5TT2JqZWN00hscIiNcTlNEaWN0aW9uYXJ5oiIgXxAPTlNLZXllZEFyY2hpdmVy0SYnVHJvb3SAAQAIABEAGgAjAC0AMgA3AEAARgBNAFUAYABnAGoAbABuAHEAcwB1AHcAhACOAMkAzgDWAqICpAKpArQCvQLLAs8C1gLfAuQC8QL0AwYDCQMOAAAAAAAAAgEAAAAAAAAAKAAAAAAAAAAAAAAAAAAAAxA=},
	Bdsk-Url-1 = {http://intl.ieeexplore.ieee.org/xpl/abs_free.jsp?arNumber=490530}}

@misc{m.-h.-reenskaug79thing-model-view-editor,
	Author = {M. H. Reenskaug, Trygve},
	Date-Added = {2014-03-14 16:50:59 +0000},
	Date-Modified = {2014-03-15 19:56:15 +0000},
	Day = {12},
	Howpublished = {{http://heim.ifi.uio.no/$\sim$trygver/1979/mvc-1/1979-05-MVC.pdf}},
	Month = May,
	Quality = {2},
	Title = {Thing-Model-View-Editor -- an Example from a planningsystem},
	Url = {http://heim.ifi.uio.no/~trygver/1979/mvc-1/1979-05-MVC.pdf},
	Year = {1979},
	Bdsk-Url-1 = {http://heim.ifi.uio.no/~trygver/1979/mvc-1/1979-05-MVC.pdf}}

@article{macedonia97taxonomy,
	Author = {Michael R. Macedonia and Michael J. Zyda},
	Date-Added = {2014-03-14 16:50:59 +0000},
	Date-Modified = {2014-03-15 19:56:15 +0000},
	Journal = {MultiMedia, IEEE},
	Number = {1},
	Pages = {48--56},
	Publisher = {IEEE},
	Title = {A taxonomy for networked virtual environments},
	Volume = {4},
	Year = {1997},
	Bdsk-File-1 = {YnBsaXN0MDDUAQIDBAUGJCVYJHZlcnNpb25YJG9iamVjdHNZJGFyY2hpdmVyVCR0b3ASAAGGoKgHCBMUFRYaIVUkbnVsbNMJCgsMDxJXTlMua2V5c1pOUy5vYmplY3RzViRjbGFzc6INDoACgAOiEBGABIAFgAdccmVsYXRpdmVQYXRoWWFsaWFzRGF0YV8QOy4uLy4uLy4uLy4uLy4uL0xpdGVyYXR1ci9SZWZlcmVuY2VzL21hY2Vkb25pYTk3dGF4b25vbXkucGRm0hcLGBlXTlMuZGF0YU8RAdQAAAAAAdQAAgAADE1hY2ludG9zaCBIRAAAAAAAAAAAAAAAAAAAAM9ki9RIKwAAABaPdBdtYWNlZG9uaWE5N3RheG9ub215LnBkZgAAAAAAAAAAAAAAAAAAAAAAAAAAAAAAAAAAAAAAAAAAAAAAAAAAAAAAFpANzMM0CAAAAAAAAAAAAAUAAwAACSAAAAAAAAAAAAAAAAAAAAAKUmVmZXJlbmNlcwAQAAgAAM9kb7QAAAARAAgAAMzDJfgAAAABABAAFo90AA8yQgAGIh8AAmRLAAIAVU1hY2ludG9zaCBIRDpVc2VyczoAdGlib3Jnb2xkc2Nod2VuZHQ6AExpdGVyYXR1cjoAUmVmZXJlbmNlczoAbWFjZWRvbmlhOTd0YXhvbm9teS5wZGYAAA4AMAAXAG0AYQBjAGUAZABvAG4AaQBhADkANwB0AGEAeABvAG4AbwBtAHkALgBwAGQAZgAPABoADABNAGEAYwBpAG4AdABvAHMAaAAgAEgARAASAERVc2Vycy90aWJvcmdvbGRzY2h3ZW5kdC9MaXRlcmF0dXIvUmVmZXJlbmNlcy9tYWNlZG9uaWE5N3RheG9ub215LnBkZgATAAEvAAAVAAIAGP//AACABtIbHB0eWiRjbGFzc25hbWVYJGNsYXNzZXNdTlNNdXRhYmxlRGF0YaMdHyBWTlNEYXRhWE5TT2JqZWN00hscIiNcTlNEaWN0aW9uYXJ5oiIgXxAPTlNLZXllZEFyY2hpdmVy0SYnVHJvb3SAAQAIABEAGgAjAC0AMgA3AEAARgBNAFUAYABnAGoAbABuAHEAcwB1AHcAhACOAMwA0QDZArECswK4AsMCzALaAt4C5QLuAvMDAAMDAxUDGAMdAAAAAAAAAgEAAAAAAAAAKAAAAAAAAAAAAAAAAAAAAx8=}}

@inproceedings{pullen99reliable,
	Author = {J. Mark Pullen},
	Booktitle = {Distributed Interactive Simulation and Real-Time Applications, 1999. Proceedings. 3rd IEEE International Workshop on},
	Date-Added = {2014-03-14 16:50:59 +0000},
	Date-Modified = {2014-03-15 19:56:15 +0000},
	Doi = {10.1109/DISRTA.1999.807726},
	Keywords = {distributed virtual simulations;multicast emulation;network support;real time;reliable multicast;reliable multicast networking;virtual representation;digital simulation;distributed processing;multicast communication;virtual reality;},
	Pages = {59 -66},
	Title = {Reliable multicast network transport for distributed virtual simulation},
	Year = {1999},
	Bdsk-File-1 = {YnBsaXN0MDDUAQIDBAUGJCVYJHZlcnNpb25YJG9iamVjdHNZJGFyY2hpdmVyVCR0b3ASAAGGoKgHCBMUFRYaIVUkbnVsbNMJCgsMDxJXTlMua2V5c1pOUy5vYmplY3RzViRjbGFzc6INDoACgAOiEBGABIAFgAdccmVsYXRpdmVQYXRoWWFsaWFzRGF0YV8QOC4uLy4uLy4uLy4uLy4uL0xpdGVyYXR1ci9SZWZlcmVuY2VzL3B1bGxlbjk5cmVsaWFibGUucGRm0hcLGBlXTlMuZGF0YU8RAcgAAAAAAcgAAgAADE1hY2ludG9zaCBIRAAAAAAAAAAAAAAAAAAAAM9ki9RIKwAAABaPdBRwdWxsZW45OXJlbGlhYmxlLnBkZgAAAAAAAAAAAAAAAAAAAAAAAAAAAAAAAAAAAAAAAAAAAAAAAAAAAAAAAAAAFpAPzQy/QwAAAAAAAAAAAAUAAwAACSAAAAAAAAAAAAAAAAAAAAAKUmVmZXJlbmNlcwAQAAgAAM9kb7QAAAARAAgAAM0MsTMAAAABABAAFo90AA8yQgAGIh8AAmRLAAIAUk1hY2ludG9zaCBIRDpVc2VyczoAdGlib3Jnb2xkc2Nod2VuZHQ6AExpdGVyYXR1cjoAUmVmZXJlbmNlczoAcHVsbGVuOTlyZWxpYWJsZS5wZGYADgAqABQAcAB1AGwAbABlAG4AOQA5AHIAZQBsAGkAYQBiAGwAZQAuAHAAZABmAA8AGgAMAE0AYQBjAGkAbgB0AG8AcwBoACAASABEABIAQVVzZXJzL3RpYm9yZ29sZHNjaHdlbmR0L0xpdGVyYXR1ci9SZWZlcmVuY2VzL3B1bGxlbjk5cmVsaWFibGUucGRmAAATAAEvAAAVAAIAGP//AACABtIbHB0eWiRjbGFzc25hbWVYJGNsYXNzZXNdTlNNdXRhYmxlRGF0YaMdHyBWTlNEYXRhWE5TT2JqZWN00hscIiNcTlNEaWN0aW9uYXJ5oiIgXxAPTlNLZXllZEFyY2hpdmVy0SYnVHJvb3SAAQAIABEAGgAjAC0AMgA3AEAARgBNAFUAYABnAGoAbABuAHEAcwB1AHcAhACOAMkAzgDWAqICpAKpArQCvQLLAs8C1gLfAuQC8QL0AwYDCQMOAAAAAAAAAgEAAAAAAAAAKAAAAAAAAAAAAAAAAAAAAxA=},
	Bdsk-Url-1 = {http://dx.doi.org/10.1109/DISRTA.1999.807726}}

@inproceedings{pullen95selectively,
	Author = {Mark Pullen and Vicent Laviano},
	Booktitle = {Proceedings of the 13th Workshop on Standards for Distributed Interactive Simulation, Orlando, FL},
	Date-Added = {2014-03-14 16:50:59 +0000},
	Date-Modified = {2014-03-15 19:56:15 +0000},
	Title = {A selectively reliable transport protocol for distributed interactive simulation},
	Year = {1995},
	Bdsk-File-1 = {YnBsaXN0MDDUAQIDBAUGJCVYJHZlcnNpb25YJG9iamVjdHNZJGFyY2hpdmVyVCR0b3ASAAGGoKgHCBMUFRYaIVUkbnVsbNMJCgsMDxJXTlMua2V5c1pOUy5vYmplY3RzViRjbGFzc6INDoACgAOiEBGABIAFgAdccmVsYXRpdmVQYXRoWWFsaWFzRGF0YV8QOy4uLy4uLy4uLy4uLy4uL0xpdGVyYXR1ci9SZWZlcmVuY2VzL3B1bGxlbjk1c2VsZWN0aXZlbHkucGRm0hcLGBlXTlMuZGF0YU8RAdQAAAAAAdQAAgAADE1hY2ludG9zaCBIRAAAAAAAAAAAAAAAAAAAAM9ki9RIKwAAABaPdBdwdWxsZW45NXNlbGVjdGl2ZWx5LnBkZgAAAAAAAAAAAAAAAAAAAAAAAAAAAAAAAAAAAAAAAAAAAAAAAAAAAAAAFpAOzRG8kAAAAAAAAAAAAAUAAwAACSAAAAAAAAAAAAAAAAAAAAAKUmVmZXJlbmNlcwAQAAgAAM9kb7QAAAARAAgAAM0RroAAAAABABAAFo90AA8yQgAGIh8AAmRLAAIAVU1hY2ludG9zaCBIRDpVc2VyczoAdGlib3Jnb2xkc2Nod2VuZHQ6AExpdGVyYXR1cjoAUmVmZXJlbmNlczoAcHVsbGVuOTVzZWxlY3RpdmVseS5wZGYAAA4AMAAXAHAAdQBsAGwAZQBuADkANQBzAGUAbABlAGMAdABpAHYAZQBsAHkALgBwAGQAZgAPABoADABNAGEAYwBpAG4AdABvAHMAaAAgAEgARAASAERVc2Vycy90aWJvcmdvbGRzY2h3ZW5kdC9MaXRlcmF0dXIvUmVmZXJlbmNlcy9wdWxsZW45NXNlbGVjdGl2ZWx5LnBkZgATAAEvAAAVAAIAGP//AACABtIbHB0eWiRjbGFzc25hbWVYJGNsYXNzZXNdTlNNdXRhYmxlRGF0YaMdHyBWTlNEYXRhWE5TT2JqZWN00hscIiNcTlNEaWN0aW9uYXJ5oiIgXxAPTlNLZXllZEFyY2hpdmVy0SYnVHJvb3SAAQAIABEAGgAjAC0AMgA3AEAARgBNAFUAYABnAGoAbABuAHEAcwB1AHcAhACOAMwA0QDZArECswK4AsMCzALaAt4C5QLuAvMDAAMDAxUDGAMdAAAAAAAAAgEAAAAAAAAAKAAAAAAAAAAAAAAAAAAAAx8=}}

@phdthesis{reiners02opensg,
	Abstract = {Virtual reality has been on the buzzword list for a long time. And
	it hasactually started to live up to its expectations. It is spreading
	throughoutthe manufacturing industry, in Germany primarily the car
	industry, andis bringing in returns of invest. Applications in design
	review, simulationvisualization and presentation are being used by
	more and more users, andthe large car companies are building virtual
	reality labs every few hundredmeters. The future looks bright for
	VR. But hand in hand with the increasednumbers of users come new
	expectations. It is no longer enough to justpresent some nice models,
	people want to actually work with the technologyand want it integrated
	into their work-flow. They want their usual simulationtools integrated
	into the VR environment, and they want to be able to useit on their
	deskt, not only in the lab. The step to more users also meansthat
	it has to become cheaper. Not every company can afford to have a
	powerfulgraphics workstation from Sun, HP or sgi for every user.
	The smaller companiesmight not even be able to afford the one large
	machine that is needed todrive the one VR laboratory.},
	Author = {Dirk Reiners},
	Date-Added = {2014-03-14 16:50:59 +0000},
	Date-Modified = {2014-03-16 21:05:16 +0000},
	File = {reiners02phd.pdf:reiners02phd.pdf:PDF},
	Keywords = {Scenegraph, OpenSG},
	Month = {Mai},
	Owner = {lu43lun},
	School = {Technische Universit{\"a}t Darmstadt},
	Timestamp = {2013.09.17},
	Title = {OpenSG: A Scene Graph System for Flexible and Efficient Realtime Rendering for Virtual and Augmented Reality Applications},
	Url = {http://elib.tu-darmstadt.de/diss/000244/Reiners_OpenSG.pdf},
	Year = {2002},
	Bdsk-File-1 = {YnBsaXN0MDDUAQIDBAUGJCVYJHZlcnNpb25YJG9iamVjdHNZJGFyY2hpdmVyVCR0b3ASAAGGoKgHCBMUFRYaIVUkbnVsbNMJCgsMDxJXTlMua2V5c1pOUy5vYmplY3RzViRjbGFzc6INDoACgAOiEBGABIAFgAdccmVsYXRpdmVQYXRoWWFsaWFzRGF0YV8QNy4uLy4uLy4uLy4uLy4uL0xpdGVyYXR1ci9SZWZlcmVuY2VzL3JlaW5lcnMwMm9wZW5zZy5wZGbSFwsYGVdOUy5kYXRhTxEBxAAAAAABxAACAAAMTWFjaW50b3NoIEhEAAAAAAAAAAAAAAAAAAAAz2SL1EgrAAAAFo90E3JlaW5lcnMwMm9wZW5zZy5wZGYAAAAAAAAAAAAAAAAAAAAAAAAAAAAAAAAAAAAAAAAAAAAAAAAAAAAAAAAAAAAWkBDMbR4iAAAAAAAAAAAABQADAAAJIAAAAAAAAAAAAAAAAAAAAApSZWZlcmVuY2VzABAACAAAz2RvtAAAABEACAAAzG0CAgAAAAEAEAAWj3QADzJCAAYiHwACZEsAAgBRTWFjaW50b3NoIEhEOlVzZXJzOgB0aWJvcmdvbGRzY2h3ZW5kdDoATGl0ZXJhdHVyOgBSZWZlcmVuY2VzOgByZWluZXJzMDJvcGVuc2cucGRmAAAOACgAEwByAGUAaQBuAGUAcgBzADAAMgBvAHAAZQBuAHMAZwAuAHAAZABmAA8AGgAMAE0AYQBjAGkAbgB0AG8AcwBoACAASABEABIAQFVzZXJzL3RpYm9yZ29sZHNjaHdlbmR0L0xpdGVyYXR1ci9SZWZlcmVuY2VzL3JlaW5lcnMwMm9wZW5zZy5wZGYAEwABLwAAFQACABj//wAAgAbSGxwdHlokY2xhc3NuYW1lWCRjbGFzc2VzXU5TTXV0YWJsZURhdGGjHR8gVk5TRGF0YVhOU09iamVjdNIbHCIjXE5TRGljdGlvbmFyeaIiIF8QD05TS2V5ZWRBcmNoaXZlctEmJ1Ryb290gAEACAARABoAIwAtADIANwBAAEYATQBVAGAAZwBqAGwAbgBxAHMAdQB3AIQAjgDIAM0A1QKdAp8CpAKvArgCxgLKAtEC2gLfAuwC7wMBAwQDCQAAAAAAAAIBAAAAAAAAACgAAAAAAAAAAAAAAAAAAAML},
	Bdsk-Url-1 = {http://elib.tu-darmstadt.de/diss/000244/Reiners_OpenSG.pdf}}

@incollection{schubert13seamfully,
	Author = {Schubert, Gerhard and Riedel, Sebastian and Petzold, Frank},
	Booktitle = {Proceedings of the 15th International Conference, CAAD Futures 2013},
	Date-Added = {2014-03-14 16:50:59 +0000},
	Date-Modified = {2014-03-15 19:56:15 +0000},
	Editor = {Zhang, Jianlong and Sun, Chengyu},
	Keywords = {Design Tool; Urban Design; Early Design Stages; HCI},
	Pages = {210-221},
	Publisher = {Springer},
	Series = {Communications in Computer and Information Science},
	Title = {Seamfully Connected: Real Working Models as Tangible Interfaces for Architectural Design},
	Volume = {369},
	Year = {2013},
	Bdsk-File-1 = {YnBsaXN0MDDUAQIDBAUGJCVYJHZlcnNpb25YJG9iamVjdHNZJGFyY2hpdmVyVCR0b3ASAAGGoKgHCBMUFRYaIVUkbnVsbNMJCgsMDxJXTlMua2V5c1pOUy5vYmplY3RzViRjbGFzc6INDoACgAOiEBGABIAFgAdccmVsYXRpdmVQYXRoWWFsaWFzRGF0YV8QOy4uLy4uLy4uLy4uLy4uL0xpdGVyYXR1ci9SZWZlcmVuY2VzL3NjaHViZXJ0MTNzZWFtZnVsbHkucGRm0hcLGBlXTlMuZGF0YU8RAdQAAAAAAdQAAgAADE1hY2ludG9zaCBIRAAAAAAAAAAAAAAAAAAAAM9ki9RIKwAAABaPdBdzY2h1YmVydDEzc2VhbWZ1bGx5LnBkZgAAAAAAAAAAAAAAAAAAAAAAAAAAAAAAAAAAAAAAAAAAAAAAAAAAAAAAFpAUzdjL4gAAAAAAAAAAAAUAAwAACSAAAAAAAAAAAAAAAAAAAAAKUmVmZXJlbmNlcwAQAAgAAM9kb7QAAAARAAgAAM3Yr8IAAAABABAAFo90AA8yQgAGIh8AAmRLAAIAVU1hY2ludG9zaCBIRDpVc2VyczoAdGlib3Jnb2xkc2Nod2VuZHQ6AExpdGVyYXR1cjoAUmVmZXJlbmNlczoAc2NodWJlcnQxM3NlYW1mdWxseS5wZGYAAA4AMAAXAHMAYwBoAHUAYgBlAHIAdAAxADMAcwBlAGEAbQBmAHUAbABsAHkALgBwAGQAZgAPABoADABNAGEAYwBpAG4AdABvAHMAaAAgAEgARAASAERVc2Vycy90aWJvcmdvbGRzY2h3ZW5kdC9MaXRlcmF0dXIvUmVmZXJlbmNlcy9zY2h1YmVydDEzc2VhbWZ1bGx5LnBkZgATAAEvAAAVAAIAGP//AACABtIbHB0eWiRjbGFzc25hbWVYJGNsYXNzZXNdTlNNdXRhYmxlRGF0YaMdHyBWTlNEYXRhWE5TT2JqZWN00hscIiNcTlNEaWN0aW9uYXJ5oiIgXxAPTlNLZXllZEFyY2hpdmVy0SYnVHJvb3SAAQAIABEAGgAjAC0AMgA3AEAARgBNAFUAYABnAGoAbABuAHEAcwB1AHcAhACOAMwA0QDZArECswK4AsMCzALaAt4C5QLuAvMDAAMDAxUDGAMdAAAAAAAAAgEAAAAAAAAAKAAAAAAAAAAAAAAAAAAAAx8=},
	Bdsk-Url-1 = {http://dx.doi.org/10.1007/978-3-642-38974-0_20}}

@inproceedings{schubert11bridging,
	Author = {Gerhard Schubert and Eva Artinger and Frank Petzold and Gudrun Klinker},
	Booktitle = {eCAADe 29},
	Date-Added = {2014-03-14 16:50:59 +0000},
	Date-Modified = {2014-03-15 19:56:15 +0000},
	Pages = {187-193},
	Title = {Bridging the Gap -- A (Collaborative) Design Platform for early design stages},
	Volume = {29},
	Year = {2011},
	Bdsk-File-1 = {YnBsaXN0MDDUAQIDBAUGJCVYJHZlcnNpb25YJG9iamVjdHNZJGFyY2hpdmVyVCR0b3ASAAGGoKgHCBMUFRYaIVUkbnVsbNMJCgsMDxJXTlMua2V5c1pOUy5vYmplY3RzViRjbGFzc6INDoACgAOiEBGABIAFgAdccmVsYXRpdmVQYXRoWWFsaWFzRGF0YV8QOi4uLy4uLy4uLy4uLy4uL0xpdGVyYXR1ci9SZWZlcmVuY2VzL3NjaHViZXJ0MTFicmlkZ2luZy5wZGbSFwsYGVdOUy5kYXRhTxEB0AAAAAAB0AACAAAMTWFjaW50b3NoIEhEAAAAAAAAAAAAAAAAAAAAz2SL1EgrAAAAFo90FnNjaHViZXJ0MTFicmlkZ2luZy5wZGYAAAAAAAAAAAAAAAAAAAAAAAAAAAAAAAAAAAAAAAAAAAAAAAAAAAAAAAAWkBHN1h5pAAAAAAAAAAAABQADAAAJIAAAAAAAAAAAAAAAAAAAAApSZWZlcmVuY2VzABAACAAAz2RvtAAAABEACAAAzdYCSQAAAAEAEAAWj3QADzJCAAYiHwACZEsAAgBUTWFjaW50b3NoIEhEOlVzZXJzOgB0aWJvcmdvbGRzY2h3ZW5kdDoATGl0ZXJhdHVyOgBSZWZlcmVuY2VzOgBzY2h1YmVydDExYnJpZGdpbmcucGRmAA4ALgAWAHMAYwBoAHUAYgBlAHIAdAAxADEAYgByAGkAZABnAGkAbgBnAC4AcABkAGYADwAaAAwATQBhAGMAaQBuAHQAbwBzAGgAIABIAEQAEgBDVXNlcnMvdGlib3Jnb2xkc2Nod2VuZHQvTGl0ZXJhdHVyL1JlZmVyZW5jZXMvc2NodWJlcnQxMWJyaWRnaW5nLnBkZgAAEwABLwAAFQACABj//wAAgAbSGxwdHlokY2xhc3NuYW1lWCRjbGFzc2VzXU5TTXV0YWJsZURhdGGjHR8gVk5TRGF0YVhOU09iamVjdNIbHCIjXE5TRGljdGlvbmFyeaIiIF8QD05TS2V5ZWRBcmNoaXZlctEmJ1Ryb290gAEACAARABoAIwAtADIANwBAAEYATQBVAGAAZwBqAGwAbgBxAHMAdQB3AIQAjgDLANAA2AKsAq4CswK+AscC1QLZAuAC6QLuAvsC/gMQAxMDGAAAAAAAAAIBAAAAAAAAACgAAAAAAAAAAAAAAAAAAAMa}}

@inproceedings{schubert12virtuality,
	Address = {San Francisco},
	Author = {Gerhard Schubert and Eva Artinger and Violin Yanev and Frank Petzold and Gudrun Klinker},
	Booktitle = {Proceedings of the 32nd Annual Conference of the Association for Computer Aided Design in Architecture (ACADIA)},
	Date-Added = {2014-03-14 16:50:59 +0000},
	Date-Modified = {2014-03-15 19:56:15 +0000},
	Month = {October},
	Pages = {409--418},
	Title = {3D Virtuality Sketching: Interactive 3D-sketching based on real models in a virtual scene},
	Volume = {32},
	Year = {2012},
	Bdsk-File-1 = {YnBsaXN0MDDUAQIDBAUGJCVYJHZlcnNpb25YJG9iamVjdHNZJGFyY2hpdmVyVCR0b3ASAAGGoKgHCBMUFRYaIVUkbnVsbNMJCgsMDxJXTlMua2V5c1pOUy5vYmplY3RzViRjbGFzc6INDoACgAOiEBGABIAFgAdccmVsYXRpdmVQYXRoWWFsaWFzRGF0YV8QPC4uLy4uLy4uLy4uLy4uL0xpdGVyYXR1ci9SZWZlcmVuY2VzL3NjaHViZXJ0MTJ2aXJ0dWFsaXR5LnBkZtIXCxgZV05TLmRhdGFPEQHYAAAAAAHYAAIAAAxNYWNpbnRvc2ggSEQAAAAAAAAAAAAAAAAAAADPZIvUSCsAAAAWj3QYc2NodWJlcnQxMnZpcnR1YWxpdHkucGRmAAAAAAAAAAAAAAAAAAAAAAAAAAAAAAAAAAAAAAAAAAAAAAAAAAAAABaQE83WHm0AAAAAAAAAAAAFAAMAAAkgAAAAAAAAAAAAAAAAAAAAClJlZmVyZW5jZXMAEAAIAADPZG+0AAAAEQAIAADN1gJNAAAAAQAQABaPdAAPMkIABiIfAAJkSwACAFZNYWNpbnRvc2ggSEQ6VXNlcnM6AHRpYm9yZ29sZHNjaHdlbmR0OgBMaXRlcmF0dXI6AFJlZmVyZW5jZXM6AHNjaHViZXJ0MTJ2aXJ0dWFsaXR5LnBkZgAOADIAGABzAGMAaAB1AGIAZQByAHQAMQAyAHYAaQByAHQAdQBhAGwAaQB0AHkALgBwAGQAZgAPABoADABNAGEAYwBpAG4AdABvAHMAaAAgAEgARAASAEVVc2Vycy90aWJvcmdvbGRzY2h3ZW5kdC9MaXRlcmF0dXIvUmVmZXJlbmNlcy9zY2h1YmVydDEydmlydHVhbGl0eS5wZGYAABMAAS8AABUAAgAY//8AAIAG0hscHR5aJGNsYXNzbmFtZVgkY2xhc3Nlc11OU011dGFibGVEYXRhox0fIFZOU0RhdGFYTlNPYmplY3TSGxwiI1xOU0RpY3Rpb25hcnmiIiBfEA9OU0tleWVkQXJjaGl2ZXLRJidUcm9vdIABAAgAEQAaACMALQAyADcAQABGAE0AVQBgAGcAagBsAG4AcQBzAHUAdwCEAI4AzQDSANoCtgK4Ar0CyALRAt8C4wLqAvMC+AMFAwgDGgMdAyIAAAAAAAACAQAAAAAAAAAoAAAAAAAAAAAAAAAAAAADJA==}}

@unpublished{schuberttangible,
	Author = {Gerhard Schubert and Eva Artinger and Frank Petzold and Gudrun Klinker},
	Date-Added = {2014-03-14 16:50:59 +0000},
	Date-Modified = {2014-03-15 19:56:15 +0000},
	Title = {Tangible tools for architectural design -- seamless integration into the architectural workflow},
	Bdsk-File-1 = {YnBsaXN0MDDUAQIDBAUGJCVYJHZlcnNpb25YJG9iamVjdHNZJGFyY2hpdmVyVCR0b3ASAAGGoKgHCBMUFRYaIVUkbnVsbNMJCgsMDxJXTlMua2V5c1pOUy5vYmplY3RzViRjbGFzc6INDoACgAOiEBGABIAFgAdccmVsYXRpdmVQYXRoWWFsaWFzRGF0YW8QbwAuAC4ALwAuAC4ALwAuAFQAcgBhAHMAaAAvAFQAYQBuAGcAaQBiAGwAZQAgAHQAbwBvAGwAcwAgAGYAbwByACAAYQByAGMAaABpAHQAZQBjAHQAdQByAGEAbAAgAGQAZQBzAGkAZwBuACAgEwAgAHMAZQBhAG0AbABlAHMAcwAgAGkAbgB0AGUAZwByAGEAdABpAG8AbgAgAGkAbgB0AG8AIAB0AGgAZQAgAGEAcgBjAGgAaQB0AGUAYwB0AHUAcgBhAGwAIAB3AG8AcgBrAGYAbABvAHcALgBwAGQAZtIXCxgZV05TLmRhdGFPEQKaAAAAAAKaAAIAAAxNYWNpbnRvc2ggSEQAAAAAAAAAAAAAAAAAAADMuxhqSCsAAAB29HAfVGFuZ2libGUgdG9vbHMgZm9yIGEjRjhCRjZFLnBkZgAAAAAAAAAAAAAAAAAAAAAAAAAAAAAAAAAAAAAAAAAAAPi/bs3Yz/wAAAAAAAAAAAACAAIAAAkgAAAAAAAAAAAAAAAAAAAABi5UcmFzaAAQAAgAAMy7CloAAAARAAgAAM3Ys9wAAAABAAwAdvRwAAT9agACDeQAAgBOTWFjaW50b3NoIEhEOlVzZXJzOgB0aWJvcmdvbGRzY2h3ZW5kdDoALlRyYXNoOgBUYW5naWJsZSB0b29scyBmb3IgYSNGOEJGNkUucGRmAA4AxgBiAFQAYQBuAGcAaQBiAGwAZQAgAHQAbwBvAGwAcwAgAGYAbwByACAAYQByAGMAaABpAHQAZQBjAHQAdQByAGEAbAAgAGQAZQBzAGkAZwBuACAgEwAgAHMAZQBhAG0AbABlAHMAcwAgAGkAbgB0AGUAZwByAGEAdABpAG8AbgAgAGkAbgB0AG8AIAB0AGgAZQAgAGEAcgBjAGgAaQB0AGUAYwB0AHUAcgBhAGwAIAB3AG8AcgBrAGYAbABvAHcALgBwAGQAZgAPABoADABNAGEAYwBpAG4AdABvAHMAaAAgAEgARAASAINVc2Vycy90aWJvcmdvbGRzY2h3ZW5kdC8uVHJhc2gvVGFuZ2libGUgdG9vbHMgZm9yIGFyY2hpdGVjdHVyYWwgZGVzaWduIOKAkyBzZWFtbGVzcyBpbnRlZ3JhdGlvbiBpbnRvIHRoZSBhcmNoaXRlY3R1cmFsIHdvcmtmbG93LnBkZgAAEwABLwAAFQACABj//wAAgAbSGxwdHlokY2xhc3NuYW1lWCRjbGFzc2VzXU5TTXV0YWJsZURhdGGjHR8gVk5TRGF0YVhOU09iamVjdNIbHCIjXE5TRGljdGlvbmFyeaIiIF8QD05TS2V5ZWRBcmNoaXZlctEmJ1Ryb290gAEACAARABoAIwAtADIANwBAAEYATQBVAGAAZwBqAGwAbgBxAHMAdQB3AIQAjgFvAXQBfAQaBBwEIQQsBDUEQwRHBE4EVwRcBGkEbAR+BIEEhgAAAAAAAAIBAAAAAAAAACgAAAAAAAAAAAAAAAAAAASI}}

@inproceedings{shirmohammadi00collaborating,
	Author = {Shervin Shirmohammadi and Nicolas D. Georganas},
	Booktitle = {Enabling Technologies: Infrastructure for Collaborative Enterprises, 2000.(WET ICE 2000). Proeedings. IEEE 9th International Workshops on},
	Date-Added = {2014-03-14 16:50:59 +0000},
	Date-Modified = {2014-03-15 19:56:15 +0000},
	Organization = {IEEE},
	Pages = {35--42},
	Title = {Collaborating in 3D virtual environments: A synchronous architecture},
	Year = {2000},
	Bdsk-File-1 = {YnBsaXN0MDDUAQIDBAUGJCVYJHZlcnNpb25YJG9iamVjdHNZJGFyY2hpdmVyVCR0b3ASAAGGoKgHCBMUFRYaIVUkbnVsbNMJCgsMDxJXTlMua2V5c1pOUy5vYmplY3RzViRjbGFzc6INDoACgAOiEBGABIAFgAdccmVsYXRpdmVQYXRoWWFsaWFzRGF0YV8QRC4uLy4uLy4uLy4uLy4uL0xpdGVyYXR1ci9SZWZlcmVuY2VzL3NoaXJtb2hhbW1hZGkwMGNvbGxhYm9yYXRpbmcucGRm0hcLGBlXTlMuZGF0YU8RAfgAAAAAAfgAAgAADE1hY2ludG9zaCBIRAAAAAAAAAAAAAAAAAAAAM9ki9RIKwAAABaPdB9zaGlybW9oYW1tYWRpMDBjb2xsYSMxNjkwMTUucGRmAAAAAAAAAAAAAAAAAAAAAAAAAAAAAAAAAAAAAAAAAAAAFpAVzdKRJwAAAAAAAAAAAAUAAwAACSAAAAAAAAAAAAAAAAAAAAAKUmVmZXJlbmNlcwAQAAgAAM9kb7QAAAARAAgAAM3SdQcAAAABABAAFo90AA8yQgAGIh8AAmRLAAIAXU1hY2ludG9zaCBIRDpVc2VyczoAdGlib3Jnb2xkc2Nod2VuZHQ6AExpdGVyYXR1cjoAUmVmZXJlbmNlczoAc2hpcm1vaGFtbWFkaTAwY29sbGEjMTY5MDE1LnBkZgAADgBCACAAcwBoAGkAcgBtAG8AaABhAG0AbQBhAGQAaQAwADAAYwBvAGwAbABhAGIAbwByAGEAdABpAG4AZwAuAHAAZABmAA8AGgAMAE0AYQBjAGkAbgB0AG8AcwBoACAASABEABIATVVzZXJzL3RpYm9yZ29sZHNjaHdlbmR0L0xpdGVyYXR1ci9SZWZlcmVuY2VzL3NoaXJtb2hhbW1hZGkwMGNvbGxhYm9yYXRpbmcucGRmAAATAAEvAAAVAAIAGP//AACABtIbHB0eWiRjbGFzc25hbWVYJGNsYXNzZXNdTlNNdXRhYmxlRGF0YaMdHyBWTlNEYXRhWE5TT2JqZWN00hscIiNcTlNEaWN0aW9uYXJ5oiIgXxAPTlNLZXllZEFyY2hpdmVy0SYnVHJvb3SAAQAIABEAGgAjAC0AMgA3AEAARgBNAFUAYABnAGoAbABuAHEAcwB1AHcAhACOANUA2gDiAt4C4ALlAvAC+QMHAwsDEgMbAyADLQMwA0IDRQNKAAAAAAAAAgEAAAAAAAAAKAAAAAAAAAAAAAAAAAAAA0w=}}

@inproceedings{taylor01vrpn,
	Acmid = {505019},
	Address = {New York, NY, USA},
	Author = {Taylor,II, Russell M. and Hudson, Thomas C. and Seeger, Adam and Weber, Hans and Juliano, Jeffrey and Helser, Aron T.},
	Booktitle = {Proceedings of the ACM symposium on Virtual reality software and technology},
	Date-Added = {2014-03-14 16:50:59 +0000},
	Date-Modified = {2014-03-16 21:33:44 +0000},
	Doi = {10.1145/505008.505019},
	Isbn = {1-58113-427-4},
	Keywords = {input devices, interactive graphics, library, peripherals, virtual environments, virtual worlds},
	Location = {Baniff, Alberta, Canada},
	Numpages = {7},
	Pages = {55--61},
	Publisher = {ACM},
	Series = {VRST '01},
	Title = {VRPN: a device-independent, network-transparent VR peripheral system},
	Url = {http://doi.acm.org/10.1145/505008.505019},
	Year = {2001},
	Bdsk-File-1 = {YnBsaXN0MDDUAQIDBAUGJCVYJHZlcnNpb25YJG9iamVjdHNZJGFyY2hpdmVyVCR0b3ASAAGGoKgHCBMUFRYaIVUkbnVsbNMJCgsMDxJXTlMua2V5c1pOUy5vYmplY3RzViRjbGFzc6INDoACgAOiEBGABIAFgAdccmVsYXRpdmVQYXRoWWFsaWFzRGF0YV8QNC4uLy4uLy4uLy4uLy4uL0xpdGVyYXR1ci9SZWZlcmVuY2VzL3RheWxvcjAxdnJwbi5wZGbSFwsYGVdOUy5kYXRhTxEBuAAAAAABuAACAAAMTWFjaW50b3NoIEhEAAAAAAAAAAAAAAAAAAAAz2SL1EgrAAAAFo90EHRheWxvcjAxdnJwbi5wZGYAAAAAAAAAAAAAAAAAAAAAAAAAAAAAAAAAAAAAAAAAAAAAAAAAAAAAAAAAAAAAAAAWkBfMrKhoAAAAAAAAAAAABQADAAAJIAAAAAAAAAAAAAAAAAAAAApSZWZlcmVuY2VzABAACAAAz2RvtAAAABEACAAAzKyMSAAAAAEAEAAWj3QADzJCAAYiHwACZEsAAgBOTWFjaW50b3NoIEhEOlVzZXJzOgB0aWJvcmdvbGRzY2h3ZW5kdDoATGl0ZXJhdHVyOgBSZWZlcmVuY2VzOgB0YXlsb3IwMXZycG4ucGRmAA4AIgAQAHQAYQB5AGwAbwByADAAMQB2AHIAcABuAC4AcABkAGYADwAaAAwATQBhAGMAaQBuAHQAbwBzAGgAIABIAEQAEgA9VXNlcnMvdGlib3Jnb2xkc2Nod2VuZHQvTGl0ZXJhdHVyL1JlZmVyZW5jZXMvdGF5bG9yMDF2cnBuLnBkZgAAEwABLwAAFQACABj//wAAgAbSGxwdHlokY2xhc3NuYW1lWCRjbGFzc2VzXU5TTXV0YWJsZURhdGGjHR8gVk5TRGF0YVhOU09iamVjdNIbHCIjXE5TRGljdGlvbmFyeaIiIF8QD05TS2V5ZWRBcmNoaXZlctEmJ1Ryb290gAEACAARABoAIwAtADIANwBAAEYATQBVAGAAZwBqAGwAbgBxAHMAdQB3AIQAjgDFAMoA0gKOApAClQKgAqkCtwK7AsICywLQAt0C4ALyAvUC+gAAAAAAAAIBAAAAAAAAACgAAAAAAAAAAAAAAAAAAAL8},
	Bdsk-Url-1 = {http://doi.acm.org/10.1145/505008.505019},
	Bdsk-Url-2 = {http://dx.doi.org/10.1145/505008.505019}}

@misc{weigl12middleware,
	Author = {Tobias Weigl},
	Date-Added = {2014-03-14 16:50:59 +0000},
	Date-Modified = {2014-03-15 19:56:15 +0000},
	Howpublished = {Interdisziplin{\"a}res Projekt},
	Institution = {Technische Universit{\"a}t M{\"u}nchen},
	Note = {Technische Universit{\"a}t M{\"u}nchen},
	Title = {A middleware for the CDP Framework},
	Year = {2012},
	Bdsk-File-1 = {YnBsaXN0MDDUAQIDBAUGJCVYJHZlcnNpb25YJG9iamVjdHNZJGFyY2hpdmVyVCR0b3ASAAGGoKgHCBMUFRYaIVUkbnVsbNMJCgsMDxJXTlMua2V5c1pOUy5vYmplY3RzViRjbGFzc6INDoACgAOiEBGABIAFgAdccmVsYXRpdmVQYXRoWWFsaWFzRGF0YV8QOS4uLy4uLy4uLy4uLy4uL0xpdGVyYXR1ci9SZWZlcmVuY2VzL3dlaWdsMTJtaWRkbGV3YXJlLnBkZtIXCxgZV05TLmRhdGFPEQHMAAAAAAHMAAIAAAxNYWNpbnRvc2ggSEQAAAAAAAAAAAAAAAAAAADPZIvUSCsAAAAWj3QVd2VpZ2wxMm1pZGRsZXdhcmUucGRmAAAAAAAAAAAAAAAAAAAAAAAAAAAAAAAAAAAAAAAAAAAAAAAAAAAAAAAAABaQGMzdBbUAAAAAAAAAAAAFAAMAAAkgAAAAAAAAAAAAAAAAAAAAClJlZmVyZW5jZXMAEAAIAADPZG+0AAAAEQAIAADM3PelAAAAAQAQABaPdAAPMkIABiIfAAJkSwACAFNNYWNpbnRvc2ggSEQ6VXNlcnM6AHRpYm9yZ29sZHNjaHdlbmR0OgBMaXRlcmF0dXI6AFJlZmVyZW5jZXM6AHdlaWdsMTJtaWRkbGV3YXJlLnBkZgAADgAsABUAdwBlAGkAZwBsADEAMgBtAGkAZABkAGwAZQB3AGEAcgBlAC4AcABkAGYADwAaAAwATQBhAGMAaQBuAHQAbwBzAGgAIABIAEQAEgBCVXNlcnMvdGlib3Jnb2xkc2Nod2VuZHQvTGl0ZXJhdHVyL1JlZmVyZW5jZXMvd2VpZ2wxMm1pZGRsZXdhcmUucGRmABMAAS8AABUAAgAY//8AAIAG0hscHR5aJGNsYXNzbmFtZVgkY2xhc3Nlc11OU011dGFibGVEYXRhox0fIFZOU0RhdGFYTlNPYmplY3TSGxwiI1xOU0RpY3Rpb25hcnmiIiBfEA9OU0tleWVkQXJjaGl2ZXLRJidUcm9vdIABAAgAEQAaACMALQAyADcAQABGAE0AVQBgAGcAagBsAG4AcQBzAHUAdwCEAI4AygDPANcCpwKpAq4CuQLCAtAC1ALbAuQC6QL2AvkDCwMOAxMAAAAAAAACAQAAAAAAAAAoAAAAAAAAAAAAAAAAAAADFQ==}}

@mastersthesis{yanev12virtuality,
	Author = {Violin Yanev},
	Date-Added = {2014-03-14 16:50:59 +0000},
	Date-Modified = {2014-03-15 19:56:15 +0000},
	School = {Technische Universit{\"a}t M{\"u}nchen},
	Title = {3D virtuality sketching: a freehand sketch tool for conceptual urban design in architecture},
	Year = {2012},
	Bdsk-File-1 = {YnBsaXN0MDDUAQIDBAUGJCVYJHZlcnNpb25YJG9iamVjdHNZJGFyY2hpdmVyVCR0b3ASAAGGoKgHCBMUFRYaIVUkbnVsbNMJCgsMDxJXTlMua2V5c1pOUy5vYmplY3RzViRjbGFzc6INDoACgAOiEBGABIAFgAdccmVsYXRpdmVQYXRoWWFsaWFzRGF0YV8QOS4uLy4uLy4uLy4uLy4uL0xpdGVyYXR1ci9SZWZlcmVuY2VzL3lhbmV2MTJ2aXJ0dWFsaXR5LnBkZtIXCxgZV05TLmRhdGFPEQHMAAAAAAHMAAIAAAxNYWNpbnRvc2ggSEQAAAAAAAAAAAAAAAAAAADPZIvUSCsAAAAWj3QVeWFuZXYxMnZpcnR1YWxpdHkucGRmAAAAAAAAAAAAAAAAAAAAAAAAAAAAAAAAAAAAAAAAAAAAAAAAAAAAAAAAABaQGc41du8AAAAAAAAAAAAFAAMAAAkgAAAAAAAAAAAAAAAAAAAAClJlZmVyZW5jZXMAEAAIAADPZG+0AAAAEQAIAADONVrPAAAAAQAQABaPdAAPMkIABiIfAAJkSwACAFNNYWNpbnRvc2ggSEQ6VXNlcnM6AHRpYm9yZ29sZHNjaHdlbmR0OgBMaXRlcmF0dXI6AFJlZmVyZW5jZXM6AHlhbmV2MTJ2aXJ0dWFsaXR5LnBkZgAADgAsABUAeQBhAG4AZQB2ADEAMgB2AGkAcgB0AHUAYQBsAGkAdAB5AC4AcABkAGYADwAaAAwATQBhAGMAaQBuAHQAbwBzAGgAIABIAEQAEgBCVXNlcnMvdGlib3Jnb2xkc2Nod2VuZHQvTGl0ZXJhdHVyL1JlZmVyZW5jZXMveWFuZXYxMnZpcnR1YWxpdHkucGRmABMAAS8AABUAAgAY//8AAIAG0hscHR5aJGNsYXNzbmFtZVgkY2xhc3Nlc11OU011dGFibGVEYXRhox0fIFZOU0RhdGFYTlNPYmplY3TSGxwiI1xOU0RpY3Rpb25hcnmiIiBfEA9OU0tleWVkQXJjaGl2ZXLRJidUcm9vdIABAAgAEQAaACMALQAyADcAQABGAE0AVQBgAGcAagBsAG4AcQBzAHUAdwCEAI4AygDPANcCpwKpAq4CuQLCAtAC1ALbAuQC6QL2AvkDCwMOAxMAAAAAAAACAQAAAAAAAAAoAAAAAAAAAAAAAAAAAAADFQ==}}

@manual{96information,
	Date-Added = {2014-03-14 16:50:59 +0000},
	Date-Modified = {2014-03-15 19:56:15 +0000},
	Edition = {2},
	Organization = {International Organization for Standardization},
	Title = {Information technology -- Open Systems Interconnection -- Basic Reference Model: The Basic Model},
	Year = {1996}}

@inproceedings{kato03city-planning,
	Author = {Kato, H. and Tachibana, K. and Tanabe, M. and Nakajima, T. and Fukuda, Y.},
	Booktitle = {Mixed and Augmented Reality, 2003. Proceedings. The Second IEEE and ACM International Symposium on},
	Date-Added = {2014-03-14 15:40:54 +0000},
	Date-Modified = {2014-03-15 19:56:15 +0000},
	Doi = {10.1109/ISMAR.2003.1240750},
	Keywords = {augmented reality;computer displays;haptic interfaces;town and country planning;3D manipulation;3D structures;augmented reality;city-planning process;city-planning system;computer displays;computer graphics;manipulation method;miniature models;tangible interface;user interface;virtual objects;Augmented reality;Cameras;Cities and towns;Computational modeling;Computer displays;Computer simulation;Production systems;Shape;Urban planning;User interfaces},
	Month = {Oct},
	Pages = {340-341},
	Title = {A city-planning system based on augmented reality with a tangible interface},
	Year = {2003},
	Bdsk-File-1 = {YnBsaXN0MDDUAQIDBAUGJCVYJHZlcnNpb25YJG9iamVjdHNZJGFyY2hpdmVyVCR0b3ASAAGGoKgHCBMUFRYaIVUkbnVsbNMJCgsMDxJXTlMua2V5c1pOUy5vYmplY3RzViRjbGFzc6INDoACgAOiEBGABIAFgAdccmVsYXRpdmVQYXRoWWFsaWFzRGF0YV8QOy4uLy4uLy4uLy4uLy4uL0xpdGVyYXR1ci9SZWZlcmVuY2VzL2thdG8wM2NpdHktcGxhbm5pbmcucGRm0hcLGBlXTlMuZGF0YU8RAdQAAAAAAdQAAgAADE1hY2ludG9zaCBIRAAAAAAAAAAAAAAAAAAAAM9ki9RIKwAAABaPdBdrYXRvMDNjaXR5LXBsYW5uaW5nLnBkZgAAAAAAAAAAAAAAAAAAAAAAAAAAAAAAAAAAAAAAAAAAAAAAAAAAAAAAFpAKz0eKOQAAAAAAAAAAAAUAAwAACSAAAAAAAAAAAAAAAAAAAAAKUmVmZXJlbmNlcwAQAAgAAM9kb7QAAAARAAgAAM9HfCkAAAABABAAFo90AA8yQgAGIh8AAmRLAAIAVU1hY2ludG9zaCBIRDpVc2VyczoAdGlib3Jnb2xkc2Nod2VuZHQ6AExpdGVyYXR1cjoAUmVmZXJlbmNlczoAa2F0bzAzY2l0eS1wbGFubmluZy5wZGYAAA4AMAAXAGsAYQB0AG8AMAAzAGMAaQB0AHkALQBwAGwAYQBuAG4AaQBuAGcALgBwAGQAZgAPABoADABNAGEAYwBpAG4AdABvAHMAaAAgAEgARAASAERVc2Vycy90aWJvcmdvbGRzY2h3ZW5kdC9MaXRlcmF0dXIvUmVmZXJlbmNlcy9rYXRvMDNjaXR5LXBsYW5uaW5nLnBkZgATAAEvAAAVAAIAGP//AACABtIbHB0eWiRjbGFzc25hbWVYJGNsYXNzZXNdTlNNdXRhYmxlRGF0YaMdHyBWTlNEYXRhWE5TT2JqZWN00hscIiNcTlNEaWN0aW9uYXJ5oiIgXxAPTlNLZXllZEFyY2hpdmVy0SYnVHJvb3SAAQAIABEAGgAjAC0AMgA3AEAARgBNAFUAYABnAGoAbABuAHEAcwB1AHcAhACOAMwA0QDZArECswK4AsMCzALaAt4C5QLuAvMDAAMDAxUDGAMdAAAAAAAAAgEAAAAAAAAAKAAAAAAAAAAAAAAAAAAAAx8=},
	Bdsk-Url-1 = {http://dx.doi.org/10.1109/ISMAR.2003.1240750}}

@comment{BibDesk Static Groups{
<?xml version="1.0" encoding="UTF-8"?>
<!DOCTYPE plist PUBLIC "-//Apple//DTD PLIST 1.0//EN" "http://www.apple.com/DTDs/PropertyList-1.0.dtd">
<plist version="1.0">
<array>
	<dict>
		<key>group name</key>
		<string>ISMAR 2014</string>
		<key>keys</key>
		<string>lindinger06multi-user,broll98dwtp,kato03city-planning,taylor01vrpn,schubert11bridging,shirmohammadi00collaborating,ben-joseph01urban,gamma94design,schubert13seamfully,boukerche09architectural,broll98dwtp2,reiners02opensg,emhardt93hyper,schubert12virtuality,pullen95selectively,schubert12physical,cruz-neira92cave:,tahrani07analyzing,haffegee05tools,cruz-neira93surround-screen,becker06tangible</string>
	</dict>
	<dict>
		<key>group name</key>
		<string>Senseparation</string>
		<key>keys</key>
		<string>Wright97Open,Wright05Open,Harris07liblo</string>
	</dict>
</array>
</plist>
}}
